2864 4846
574 275 682 330 Scholia
697 275 727 330 in
744 292 844 345 pacem.
1230 277 1265 333 93

154 432 314 499 παιστικὰ
356 429 454 498 1δέκα
484 431 723 518 ἑπιμεμιγμίνα
761 434 1107 520 προκελευσματικοῖς,
1144 427 1266 499 τούτων

159 536 217 603 2δὲ
239 535 281 607 τὰ
309 535 368 620 μὲν
398 532 533 623 δίμετροί
555 533 637 602 εἰσιν
662 529 886 625 οῖκατιίληκτα,
922 535 964 602 τὰ
992 537 1011 602 δ
1018 529 1027 554 '
1057 532 1264 627 ἓφθημιμερῆ

154 641 208 707 καὶ
234 636 362 724 βάσεις,
402 639 484 723 μετὰ
515 638 551 706 δὲ
583 645 685 706 ταῦτα
717 637 852 725 ἰαμβεῖα
882 635 924 720 ζ’.
969 644 1027 729 τῆς
1055 639 1090 706 δὲ
1117 639 1266 729 δευτέρας

155 751 298 833 στροφῆς
320 742 360 808 τὰ
384 745 473 809 κῶλα
494 740 584 832 τρία,
614 735 657 809 ὧν
680 743 718 810 τὸ
741 743 801 827 μὲν
824 748 955 830 πρῶτον
975 740 1141 828 ἰαμβεῖον,
1168 743 1209 809 τὰ
1231 737 1265 809 δ’

154 846 235 916 δίλλα
257 842 499 929 ἀναπαιστικοί,
538 844 671 935 δίμετρα
693 846 752 932 μὲν
773 845 886 937 δίμφω,
923 846 960 914 τδ
986 846 1023 913 δέ
1046 872 1098 914 τοι
1121 846 1267 934 δεύτερον

155 946 394 1040 καταληκτικόν.
424 948 442 1019 δ
466 947 540 1038 ἑξῆς
562 956 619 1018 τοῦ
639 949 817 1040 ὑποκριτοῦ
843 949 953 1033 στίχος
974 948 1128 1037 ἰαμβικὸς
1149 945 1263 1038 τετροί-

153 1082 269 1144 μετρος
290 1055 532 1143 καταληκτικός.
574 1061 632 1143 τῆς
654 1053 765 1143 τρίτης
786 1058 927 1145 στροφῆς
952 1054 993 1120 τὰ
1015 1057 1103 1121 κῶλα
1124 1047 1267 1121 οῖναπαι-

155 1161 250 1229 στικά
282 1160 424 1246 τέσσαρα
457 1159 542 1248 πλὴν
575 1165 632 1226 τοῦ
664 1156 847 1226 τελευταίου
878 1152 1089 1248 ἆκατοίληκτα.
1133 1156 1165 1226 οῖ
1195 1155 1268 1249 ἑξῆς

154 1257 256 1342 αὖθις
271 1269 328 1329 τοῦ
348 1261 526 1350 ὑποκριτοῦ
547 1260 697 1348 ίαμβικοῖ
718 1257 928 1350 τετράμετρρι
950 1260 1186 1352 καταληκτικοί,
1209 1270 1267 1353 τῆς

154 1367 190 1434 δὲ
210 1363 365 1456 τετοίρτης
386 1372 529 1456 στροφῆς
548 1366 589 1432 τὰ
612 1370 700 1434 κοῖλα
720 1360 840 1432 Ἰωνικδι
861 1364 931 1435 ἀπὸ
955 1365 1101 1450 μείζονος
1123 1367 1166 1450 ς’,
1191 1366 1267 1434 ε’πι-

152 1470 330 1557 μεμιγμίνα
368 1468 494 1536 παίωσι
530 1469 585 1536 καί
625 1475 804 1559 κρητικοῖς,
843 1467 1051 1560 οῖκατιίληκτα
1088 1470 1171 1559 πλῆν
1208 1476 1269 1538 τοῦ

77 1567 79 1570 ’
155 1575 309 1661 πέμπτου
332 1577 563 1664 καταληκτικοῖ
585 1575 640 1640 καῖ
661 1579 718 1641 τοῦ
741 1574 776 1654 ς’
797 1572 955 1664 ῆιιιολίοα.
985 1573 1036 1664 ὑφ’
1061 1569 1134 1643 δαί
1157 1569 1267 1664 υῖμφο-

154 1679 298 1769 τίρωθεν
320 1677 381 1760 ἔξω
402 1681 527 1770 διπλαῖ.
572 1678 788 1745 τιθέσθωσαν
815 1680 851 1744 δὲ
881 1677 942 1746 κείν
964 1685 1038 1758 ταῖς
1060 1671 1266 1746 οἰποθέσεσιν

156 1779 189 1848 αῖ
212 1782 453 1873 παράγραφοιῆ]

245 1895 484 1956 1039-1126.
540 1887 631 1954 ταυτί
669 1886 820 1976 δέδραται
852 1912 860 1955 :
900 1887 1066 1977 [Κορωνὶς
1102 1884 1267 1955 εἰσιόντων

156 1988 271 2079 ἑτέρων
299 1989 494 2078 ὑποκριτῶν.
540 1987 571 2057 οῖ
603 1990 638 2057 δὲ
670 1987 774 2073 στίχοι
803 1989 867 2058 εἶσί
891 1993 960 2074 κζ’,
998 1985 1041 2058 ὧν
1071 1989 1101 2058 οῖ
1130 1990 1190 2076 μὲν
1211 1987 1266 2058 κδ’

156 2095 304 2182 ίαμβικοί
340 2094 506 2185 τρίμετροι
543 2088 777 2184 οἰκατοίληκτοι,
818 2093 849 2162 οῖ
889 2094 961 2187 ἑξῆς
992 2092 1051 2181 μα’
1082 2095 1268 2163 δακτυλικοὶ

156 2197 331 2289 ῖξάμετροι.
356 2198 430 2290 ἑξῆς
450 2200 570 2267 τούτων
592 2203 694 2267 κῶλον
714 2198 827 2285 ὅμοιον
849 2200 885 2267 ἐκ
908 2198 1100 2267 σπονδείων.
1141 2197 1172 2266 οῖ
1195 2196 1269 2288 ῖξῆς

156 2304 232 2371 δέκα
254 2304 440 2372 δακτυλικοί
461 2301 636 2392 ἑξάμετρον.
659 2301 736 2388 μεθ’
768 2299 822 2384 οῖς
844 2302 976 2390 ἰαμβεῖα
1004 2299 1067 2391 ιβ’,
1096 2296 1139 2370 ὧν
1160 2307 1267 2370 τελευ-

156 2415 248 2475 ταῖον
278 2461 296 2490 ,,
305 2405 361 2476 οὐκ
394 2409 601 2498 ἀποπετήσει
631 2415 757 2476 θᾶττον
787 2407 834 2489 είς
865 2403 1057 2494 Ἑλίμνιον.“
1103 2408 1162 2474 ε’πὶ
1196 2413 1268 2486 ταῖς

157 2505 342 2581 ἀποθέσεσι
366 2509 590 2603 παράγραφος.
627 2513 685 2580 ε’πί
708 2520 755 2602 τῷ
776 2513 861 2581 τέλει
884 2512 1042 2601 κορωνίς.]

247 2645 485 2705 1127—1158.
537 2635 673 2725 [ἥδομαι
699 2661 706 2703 :
741 2633 919 2702 Κάνταῦθα
949 2631 1140 2719 παραίβασίς
1169 2633 1265 2716 ἐστιν,

157 2730 225 2805 ἄλλ’
249 2731 305 2805 οὐκ
329 2737 392 2823 ἔχει
416 2740 526 2806 πάντα
547 2740 588 2806 τὰ
608 2739 705 2829 μέρη,
734 2737 832 2824 μόνην
854 2740 890 2807 δὲ
911 2739 969 2829 τῆν
993 2731 1075 2827 ηίδῆν
1096 2738 1150 2804 καί
1172 2761 1269 2826 στρο-

157 2844 233 2934 φῆν,
272 2844 311 2912 τὸ
333 2843 509 2935 ἐπίρρημα,
546 2845 604 2932 τῆν
633 2837 776 2932 οῖντιμδὴν
802 2845 858 2910 καί
883 2836 1113 2932 οίντιστροφῆν,
1151 2842 1207 2909 καί
1229 2842 1267 2910 τδ

156 2941 384 3037 οῖντεπίρρημα.
423 2947 494 3015 ἔστι
515 2954 589 3035 γοῦν
612 2955 670 3036 τῆς
691 2947 856 3035 παρούσης
878 2944 963 3038 ιβδῆς
986 2947 1041 3014 καί
1062 2955 1206 3038 στροφῆς
1226 2948 1268 3013 τὰ

157 3055 245 3119 κῶλα
266 3048 319 3139 ιγ’.
364 3052 405 3118 τὰ
426 3048 470 3134 α’,
495 3052 536 3118 θ’
556 3053 754 3139 χοριαμβικὰ
782 3048 921 3141 ἡμιόλια.
965 3052 1007 3118 τὰ
1034 3051 1080 3138 β’,
1103 3051 1145 3138 γ’,
1170 3051 1213 3133 δ’,
1236 3051 1269 3118 ε’

157 3154 253 3239 ὅμοια
274 3153 483 3246 ἓφθημιμερῆ
506 3155 543 3237 ἐξ
564 3155 749 3244 ἐπιτρίτων.
787 3155 825 3224 τδ
850 3156 887 3237 ς’
909 3149 1163 3224 οἰντισπαστικδν
1186 3163 1215 3220 Γ
1213 3159 1267 3223 λυ-

158 3261 296 3327 κιίνειον.
341 3261 378 3328 τδ
408 3257 436 3342 ζ’
471 3259 584 3346 ὅμοιον
614 3260 911 3349 ὑττερκατιίληκτον.
954 3261 992 3327 τὸ
1022 3261 1057 3350 η’
1089 3260 1268 3328 παιωνικόν

157 3364 306 3453 δίμετρον
327 3357 555 3455 οἰκατάληκτον.
578 3365 618 3431 τὰ
641 3365 677 3449 ι’,
701 3362 751 3433 ια’
774 3365 927 3452 τροχαῖκὰ
949 3365 1082 3455 δίμετρα
1103 3367 1267 3455 ἀκαταλη-

159 3488 232 3533 κτα·
262 3468 303 3533 τὰ
327 3468 388 3556 γὰρ
416 3470 521 3534 λοιπὰ
545 3465 764 3559 ἑφθημιμερῆ.
784 3459 1024 3537 τὸτελευταῖον
1051 3470 1267 3558 παραγραφὲ-

158 3578 248 3654 σθω,
272 3571 326 3638 καί
347 3579 387 3661 τῆ
411 3568 476 3638 ἔσω
497 3574 599 3663 διπλῆ
623 3569 840 3662 σημειοίσθω.
869 3580 908 3663 τῆ
933 3567 1012 3663 αὐτῇ
1033 3575 1089 3641 καὶ
1111 3573 1150 3639 τδ
1171 3570 1268 3660 ε’πίρ-

158 3701 249 3765 ρημα.
296 3682 390 3743 τοῦτο
420 3675 456 3743 δὲ
483 3678 578 3766 δῆλον
601 3673 645 3754 ὡς
666 3681 845 3763 τροχαῖκιῦν
874 3677 944 3743 ἐστὶ
965 3676 1188 3764 τετραμέτρων
1209 3676 1267 3759 ις’,

157 3777 230 3862 ε”χον
260 3781 315 3848 καὶ
345 3779 380 3846 ἐν
406 3780 538 3849 ἐκθέσει
566 3782 654 3846 κοῖλα
690 3779 788 3863 ὅμοια
816 3778 906 3869 τρία,
948 3781 1032 3870 πλὴν
1064 3785 1120 3846 τοῦ
1148 3777 1266 3867 τρίτου,
1314 3861 1316 3865 Ι

158 3883 291 3973 δίμετρα
313 3882 526 3973 ἅκατσίληκτα.
570 3882 725 3962 ὡσαύτως
752 3883 789 3949 δὲ
811 3883 865 3949 καί
888 3883 927 3951 τὸ
949 3881 1180 3971 ἅντεπίρρημα.
1215 3881 1267 3972 ὕφ’

159 3979 301 4076 δῆῖξω
321 3990 443 4076 διπλῆ]
580 3989 587 3998 ’

172 4137 363 4145 -——-——-

245 4219 259 4270 1
284 4215 317 4269 In
339 4230 450 4271 numero
474 4214 537 4274 fort.
560 4218 678 4274 erratum
701 4214 814 4274 videtur.
939 4215 957 4271 2
982 4217 1012 4271 δ’
1037 4213 1055 4270 δ
1073 4220 1126 4286 μὲν
1146 4246 1177 4259 —
1196 4213 1214 4269 δ
1234 4217 1265 4269 δ’

158 4301 262 4371 ἔνθεν·
