2864 4846
571 258 678 316 Scholia
696 261 725 314 in
743 261 856 330 equites.
1232 260 1267 315 53

137 413 191 494 ,ἐν
213 411 345 482 ἐκθέσει
366 414 403 482 δὲ
424 410 545 482 τούτων
575 413 681 498 στίχοι
709 414 874 503 τροχαϊκοὶ
902 412 1010 509 τετρόι
1012 440 1112 505 ιετροι
1133 387 1267 504 καταλη-

158 517 263 585 κτικοὶ
287 515 393 586 πέντε.
428 511 471 585 ῶν
493 518 674 601 ’τελειπαῖος

329 640 386 693 ἀλλ’
407 639 518 711 ιίμιίνοα
536 645 582 694 καὶ
572 642 685 694 ὶδίωκε
705 644 751 694 καὶ
769 641 874 715 τροπὴν
892 643 976 695 αὐτοῦ
994 647 1088 695 ποιοῦ.

157 740 217 809 ἐπὶ
238 747 311 822 ταῖς
333 734 522 809 οίποθέσεσι
546 739 771 832 παρόχραφος.
795 743 853 831 ἐπὶ
872 743 908 810 δέ
929 749 976 832 τῷ
989 743 1074 811 τέλει
1090 746 1146 810 τοῦ
1159 745 1267 809 τελεο-

105 914 110 923 ,
156 842 250 912 ταίοο
272 845 382 940 στίχου
403 843 584 935 κοριονίς.)1

245 975 357 1033 246-
367 974 440 1033 283.
486 963 661 1052 [Είσθεσις
682 967 719 1034 δέ
739 975 797 1093 της
820 969 937 1078 διπλῆς
960 964 1164 1054 ἆμοιβαίας
1150 965 1267 1055 ετέρων

156 1067 320 1138 εἰσιόντων
354 1068 547 1155 ὑποκριτῶν.
591 1097 621 1139 οι
657 1071 693 1137 δέ
723 1070 827 1154 στίχοι
865 1073 1029 1161 τροχαίκοὶ
1062 1066 1170 1160 τετρόη
1171 1095 1267 1159 ιετροι

156 1172 388 1263 καταληκτικοι
407 1169 468 1256 λζ.
498 1167 542 1239 ῶν
563 1176 742 1254 τελευταῖος

328 1298 375 1349 καὶ
393 1300 514 1368 τέμαχος
532 1285 567 1349 οὗ
586 1299 724 1370 Περικλῆς
742 1297 792 1350 οὐκ
809 1293 916 1364 ἠξιώθη
936 1293 1059 1351 πώποτε.

156 1396 216 1465 ἐπὶ
236 1401 309 1476 ταῖς
331 1393 519 1463 ἀποδέσεσι
541 1392 767 1485 παροίχραφος.
796 1397 855 1464 ἐπὶ
878 1396 914 1464 δέ
936 1403 982 1515 τῷ
1002 1396 1086 1465 τέλει
1108 1423 1171 1464 τιον
1193 1395 1265 1465 στί·
1305 1430 1308 1437 ·

153 1527 218 1585 χων
240 1502 342 1588 διπλῆ
364 1497 425 1580 ἔξω
442 1503 650 1585 νενεοκυῖα.]2

245 1630 360 1688 284-
371 1631 444 1688 302
486 1614 763 1688 ῶποθανεῒσδοντ
791 1625 906 1710 Λιπλῆ
931 1621 1006 1688 3καὶ
1028 1619 1177 1701 εἴσδεσις
1201 1646 1264 1689 πε-

157 1726 280 1815 ριοδικὴ
303 1725 414 1792 κώλων
438 1723 502 1792 ιδ’.
531 1716 576 1791 ὧν
596 1725 643 1791 τοὶ
660 1725 720 1810 μὲν
743 1722 785 1792 ιε’
809 1719 968 1812 ιίμοιβαῖα
990 1724 1054 1793 τῶν
1077 1725 1264 1813 ὑποκριτῶν

155 1827 298 1917 δίμοιρα.
346 1829 387 1895 τὰ
409 1828 445 1894 δέ
467 1828 609 1915 τέσσαρα
638 1828 775 1910 ἐναλλὰξ
800 1822 1015 1919 οίκατοίληκτα.
1059 1830 1113 1897 καὶ
1135 1826 1264 1920 μήποτε

155 1931 221 2001 είσί
243 1931 371 2014 δίστιχα
389 1927 586 2020 τετράμετρα
608 1932 831 2021 καταληκτικό.

234 2077 440 2136 ’303-321,
490 2071 526 2134 Θ.
567 2061 613 2153 [τό
642 2068 736 2157 μιαρὲ
765 2068 819 2135 καί
844 2067 1004 2155 βδελυρός
1035 2070 1181 2158 Κορωνὶς
1208 2069 1265 2139 καὶ,

156 2169 305 2252 ettotam
323 2178 422 2258 χοροῦ
444 2171 607 2261 ἐπηνδική,
632 2172 745 2241 διὰτὸ
768 2171 930 2239 τίθεσθαι
952 2173 1034 2257 μετὰ
1057 2172 1114 2262 τὴν
1137 2174 1263 2262 διπλῆν,

156 2277 192 2344 ἐκ
211 2271 320 2343 κοίλων
342 2263 530 2363 παιωνικῶν
560 2275 817 2362 ἐπιμεμιγμένων
838 2281 1001 2368 κρητικῶς
1024 2277 1079 2343 καὶ
1101 2275 1265 2361 βακχείοις

155 2380 253 2447 ἐννέα.
299 2372 342 2445 ῶν
373 2379 409 2447 τδ
437 2385 567 2468 πρῶτον
598 2377 746 2503 δίμοιρον
776 2374 1011 2469 όκατόληκτον,
1055 2371 1095 2448 *δ
1120 2382 1265 2447 καλεῖται

156 2483 284 2610 δίρροθι
287 2508 344 2554 ιον
387 2483 424 2549 τὸ
461 2480 611 2600 δεύτερον
648 2481 817 2569 τρίμετρον
851 2483 1164 2572 βραχοκατόληκτον,
1207 2491 1264 2552 τοί·

155 2585 287 2716 πρῶτον
310 2589 436 2666 ποδδς
438 2593 603 2676 κρητικοῦ,
608 2592 683 2654 τοῦ
705 2587 740 2654 δέ
763 2586 911 2687 δευτέρου
932 2586 1112 2672 βακχείαν.
1129 2589 1170 2653 τὰ
1192 2584 1264 2677 ἑξῆς

156 2693 298 2819 τέσσαρα
326 2690 423 2776 ὅμοια
444 2697 491 2779 τῶ
521 2688 641 2780 πριότιο
664 2691 699 2757 ἐκ
730 2696 892 2780 κρητικῶν.
929 2691 970 2757 τδι
993 2690 1028 2758 δέ
1051 2686 1172 2758 τούτων
1192 2687 1265 2781 ἐξῆς

155 2793 229 2885 τρία
254 2793 369 2879 ὅμοια,
406 2801 465 2861 τοῦ
491 2793 639 2882 δειτέροο
666 2793 770 2873 ποδὸς
791 2801 951 2884 κρητικοῦ,
995 2793 1048 2859 5ἐν
1070 2792 1202 2861 ἐκθέσει
1227 2795 1264 2863 δέ

156 2898 261 2982 στίχοι
294 2897 460 2988 τροχαϊκοί
490 2898 698 2987 τετρόμετροι
731 2897 965 2988 καταληκτικοί.
1010 2897 1069 2965 ἐπὶ
1100 2905 1146 2989 τῷ
1178 2897 1263 2966 τέλει
1317 2958 1321 2966 .

153 2999 302 3092 κορωνίς.·
321 2998 393 3091 ἑξῆς
415 3002 451 3069 δέ
472 3000 505 3069 ἐν
529 3000 675 3070 είσθέοει
691 3001 837 3090 σύστημα
860 3004 942 3069 κατὰ
967 3003 1152 3092 περικοπὴν
1171 2999 1264 3087 διμοι-

132 3113 249 3193 Δβαῖον
271 3105 307 3172 ἐκ
330 3104 446 3187 στίχων
468 3102 604 3191 ὁμοίιον,
629 3105 686 3171 ἐπὶ
709 3112 755 3194 τῷ
777 3106 862 3173 τέλει
885 3102 1126 3194 παράχραφσς]

241 3319 256 3374 1
280 3319 322 3374 Cf.
338 3323 541 3392 κωλομειριίν,
572 3316 618 3371 ubi
636 3317 808 3372 reconciliata
829 3320 937 3372 exstant
960 3319 1042 3374 verbo
1059 3320 1197 3376 Heliodori
1214 3321 1265 3377 hoo

157 3407 256 3463 scholio
274 3406 383 3463 tradita
462 3406 569 3460 Mlius
593 3405 763 3475 grammatici
781 3406 920 3461 annotatio
945 3406 1058 3461 ooourrit
1075 3407 1151 3462 haee·
1189 3428 1264 3474 ποτε,
1338 3455 1341 3462 .

155 3513 242 3548 nouo:
264 3493 442 3549 ’Emotov‘
430 3513 443 3559 η
465 3492 591 3566 πτίροδος
608 3497 717 3559 γίνεται
742 3497 790 3546 τοῦ
805 3497 894 3565 χοροῦ
913 3491 970 3547 απὸ
994 3496 1047 3549 τῶν
1065 3498 1173 3549 ἱππέων
1190 3511 1263 3567 συμ-

155 3566 354 3655 πληρουμένου.
375 3581 476 3645 οιιινες
488 3577 741 3648 ἐπικαλουμένοι’
725 3576 893 3638 ακούσαντες
905 3585 953 3633 τοῦ
966 3579 1151 3655 θεράποντος,
1164 3582 1266 3640 εὐθέως

155 3667 342 3739 αφικνοῡνται
367 3662 556 3732 βοηλησοντες
588 3664 668 3732 αὐτοι.
709 3684 794 3765 ταρα
785 3662 990 3738 ιππόστρατον
1018 3667 1048 3720 δὲ
1074 3670 1189 3719 καλοῦσι
1216 3667 1266 3722 τὸν

155 3753 286 3814 Κλέωνα,
318 3754 444 3803 τουτέστι
469 3751 519 3805 τὸν
545 3748 706 3823 ταράξαντα
729 3748 760 3802 τὸ
783 3753 891 3816 πλῆθος
916 3752 947 3804 τὸ
968 3750 1095 3806 ἱππικόν.
1130 3758 1211 3805 τοῦτο
1233 3754 1263 3806 δὲ

156 3838 250 3903 εἶπεν,
266 3840 312 3889 ἵνα
331 3832 448 3896 δόξωσιν
470 3834 584 3894 εἰκότως
600 3833 673 3904 αὐτῷ
687 3839 871 3904 χαλεπαίνειν
894 3841 941 3891 καὶ
959 3839 1038 3891 αὐτοὶ
1057 3843 1104 3892 καὶ
1122 3841 1264 3908 πολεμεῖν.

156 3922 237 3988 ἢῖνα
260 3920 308 3974 τὸν
331 3924 447 3975 Κλέωνα
466 3922 542 3994 δείξη
570 3920 617 3974 διὰ
643 3919 755 3975 πάντων
780 3921 987 3995 λυμαινόμενον
1004 3923 1054 3992 τὴν
1073 3923 1173 3989 πόλιν,
1205 3925 1265 3976 δια-

157 4012 310 4082 φθείροντα
330 4009 383 4078 μὲν
403 4007 434 4059 τὸ
454 4005 586 4071 ἱππικόν,
606 4006 840 4081 σφετεριζόμενον
859 4009 889 4062 δὲ
907 4008 970 4069 τοὺς
986 4008 1095 4084 φόρους.
1173 4011 1190 4064 3
1209 4011 1267 4064 Hoc

158 4093 287 4148 scholium
306 4095 340 4147 ab
357 4092 502 4148 Heliodoro
522 4092 671 4162 profectum
696 4093 729 4148 of.
747 4095 777 4147 in
795 4098 894 4165 κωλομ.
1000 4098 1018 4152 4
1035 4096 1176 4166 Intellegit
1191 4095 1266 4151 scho-

157 4180 240 4255 liasta
254 4180 442 4244 Heliodorum,
469 4180 498 4235 id
517 4179 588 4250 quod
606 4184 634 4235 et
652 4180 695 4234 hio
721 4184 749 4235 ot
766 4181 814 4235 alii
832 4181 911 4237 huius
929 4187 1035 4254 generis
1053 4185 1106 4240 looi
1122 4186 1266 4241 testantur.

157 4267 175 4324 5
200 4268 231 4322 ἐν
250 4269 361 4324 ἐκθέσει
386 4296 419 4308 -
446 4270 643 4336 καταληκτικοί
668 4270 733 4323 sunt
749 4268 895 4325 Heliodori.
1207 4301 1211 4307 ·
