2864 4846
577 1111 943 1210 ΠΛΟΥΤΟΣ.

292 1362 443 1423 1-253.
496 1350 578 1442 ΓΗ
609 1349 760 1435 είσδεσις
800 1359 877 1422 1τοῦ
913 1353 1077 1444 δράματος
1113 1353 1242 1444 δίρχεται
1279 1356 1317 1424 ἐκ

203 1463 439 1549 σοστηματικῆς
460 1454 632 1548 περιόδου,
655 1456 711 1525 καί
734 1456 771 1540 ἔξ
783 1451 967 1545 ἀμοιβαίων
988 1455 1205 1548 2προσώπων.
1231 1457 1264 1528 οἳ
1281 1459 1318 1527 δὲ

207 1560 313 1646 στίχοι
333 1559 415 1629 εἰσίν
437 1558 585 1648 ίαμβικοὶ
606 1559 772 1652 τρίμετρον
800 1555 1028 1652 οἷκατοίληκτοι.
1059 1556 1102 1629 ὧν
1126 1566 1318 1647 τελευταῖος,

204 1721 222 1751 ,,
230 1663 265 1735 τί
287 1665 348 1754 γὰρ
371 1663 411 1733 όίν
433 1692 484 1746 τις
506 1661 576 1750 οὐχί
598 1665 686 1755 πρὸς
708 1666 745 1735 σὲ
766 1662 895 1757 τάληθῆ
917 1667 1035 1753 λέγοι.“
1058 1667 1118 1734 ἐπὶ
1136 1672 1210 1747 ταῖς
1229 1661 1318 1734 ἄπο-

206 1771 325 1839 θέσεσι
347 1768 571 1862 παροίχραφας.
595 1769 654 1837 ε’πί
675 1770 711 1839 δὲ
732 1778 779 1860 τῷ
800 1771 887 1839 τέλει
908 1767 1055 1860 κορωνίς,
1079 1769 1135 1838 καί
1156 1768 1229 1861 ἑξῆς
1243 1769 1327 1843 τοό-.

204 1900 270 1942 των
290 1873 329 1943 τὸ
348 1880 453 1964 χοροί.
476 1871 594 1964 ὤφειλε
614 1874 675 1962 γὰρ
692 1874 789 1963 χορὸν
805 1879 917 1942 θεῖναι
932 1873 990 1942 καί
1004 1876 1180 1964 διατρῖψαι
1194 1874 1317 1963 μικρόν,
1415 1860 1424 1873 ’

206 1976 297 2068 δίχρις
318 1974 395 2047 δίνό
420 1976 555 2067 Καρίων
578 1976 720 2068 συμμίξῃ
739 1983 811 2059 ταῖς
832 1978 984 2067 γέροεσιν.
1026 1977 1127 2069 Ὁρῶν
1148 1975 1165 2047 δ
1186 1976 1320 2069 Καρίων

205 2082 261 2151 τὸν
289 2079 404 2151 ἑαυτοῦ
430 2081 592 2173 δεσπότην
619 2081 784 2171 Χρεμύλον
814 2082 896 2167 μετὰ
922 2082 960 2151 τό
995 2081 1141 2166 ἐξελθεῖν
1161 2090 1218 2150 τοῦ
1238 2107 1321 2168 μαν-

206 2183 295 2255 τείου
330 2189 444 2278 τυφλῷ
480 2178 574 2274 ἆνδρί
609 2182 770 2273 ἑπόμενον
777 2240 786 2270 ,
825 2182 1016 2269 σχετλιάζων
1059 2186 1116 2255 καί
1151 2189 1321 2277 δυσφορῶν

208 2290 290 2381 φησί
315 2291 354 2358 τδ
387 2287 430 2372 ὡς
456 2283 610 2380 ἀργαλέον
640 2289 712 2382 ἤτοι
738 2291 795 2382 τὴν
816 2287 923 2381 ἀρχήν.
967 2287 1101 2374 Σχόλιον
1124 2295 1181 2360 τοῦ
1206 2294 1322 2378 λογιω-

207 2394 308 2463 τάτου
328 2392 522 2483 μαχίστροο,
546 2416 583 2464 ex
606 2398 674 2471 cod.
696 2398 870 2484 Parisino]

298 2538 494 2599 253—302.
532 2524 579 2618 [[ιό
594 2533 701 2598 πολλὰ
721 2530 759 2620 δὴ
779 2536 827 2619 τῷ
847 2527 1008 2618 δεσντότχι
1030 2525 1191 2622 Είσθεσις
1206 2529 1325 2617 διπλῆς

209 2626 387 2721 ἅμαιβαίας
419 2633 455 2702 ἐκ
487 2631 604 2717 στίχων
637 2633 797 2722 ίαμβικῶν
827 2634 919 2703 ἐννέα
948 2633 1033 2724 πρὸς
1061 2638 1132 2714 τοῖς
1163 2628 1325 2720 τεσσαρά-

212 2763 329 2822 κοντα,
367 2735 442 2831 όίχρι
470 2744 542 2824 τοῦ,
578 2738 666 2826 ,,ε’χαί
698 2727 735 2807 δὲ
761 2737 819 2830 τὴν
848 2734 987 2828 Κίρκην,
1000 2745 1018 2776 “
1056 2730 1102 2805 ὧν
1130 2733 1162 2805 σί
1190 2734 1251 2822 μὲν
1276 2731 1324 2821 με’

210 2839 420 2933 τετρόμετροί
444 2841 510 2911 εἶσι
531 2840 776 2933 καταληκτικοί,
814 2840 846 2910 οἱ
868 2843 905 2910 δὲ
936 2896 954 2926 ,,
961 2838 1162 2932 βληχώμενοί
1182 2866 1219 2908 τε
1239 2865 1326 2926 προ-

209 2942 378 3034 βατίων,“
399 2947 453 3015 καί
476 3001 495 3031 ,,
505 2945 603 3036 αἰγῶν
623 2966 659 3016 τε
683 2947 908 3038 κιναβρώντων
926 2946 1053 3036 με’λη,“
1078 2944 1128 3015 ἔτι
1147 2944 1184 3013 δὲ
1205 2941 1327 3035 ,,ἡχου’-

209 3076 308 3137 μενον
329 3055 400 3131 τοῖς
423 3048 658 3140 προβατίοις,“
694 3051 750 3119 καί
773 3049 873 3142 ,,είκῆ
895 3051 932 3120 δὲ
954 3048 1203 3139 καταδαρθόντα
1224 3056 1328 3132 ποο,“

213 3153 371 3245 τέσσαρες
406 3151 512 3237 ὄντες,
548 3152 715 3243 8δίμετροί
751 3153 835 3223 εἰσιν
865 3147 1091 3245 ἆκατοίληκτοι.
1128 3152 1186 3222 καί
1207 3151 1245 3220 τδ
1268 3150 1327 3237 μὲν

212 3254 425 3348 τετράμετρον
443 3256 705 3345 Ἱππωνοίκτειον7
720 3261 883 3342 καλεῖται,
906 3261 961 3328 διὰ
977 3258 1016 3326 τὸ
1032 3253 1220 3343 κατακόρως
1234 3252 1329 3323 αὐτὸν

214 3357 320 3450 τούτῳ
340 3360 537 3451 χρήσασθαι.
560 3353 629 3428 οἶόν
654 3359 724 3429 ἐστι
747 3361 802 3429 καί
823 3361 861 3430 τὸ
879 3356 968 3447 ,,4ε’ί
983 3386 1040 3446 μοι
1055 3359 1181 3447 χένοιτα
1196 3355 1329 3448 παρθέ-

217 3491 272 3547 νος
297 3464 378 3555 καλή
405 3490 442 3533 τε
473 3464 529 3533 καὶ
556 3465 688 3554 τέρεινα.
699 3472 718 3503 “
755 3465 793 3533 τὸ
821 3467 858 3535 δὲ
889 3465 1041 3555 δίμετρον
1064 3458 1329 3552 Ἀνακρεόντειον,

217 3561 286 3639 οἷόν
315 3569 386 3637 ἐστι
415 3568 454 3637 τὸ
491 3569 578 3654 ,,καί
606 3567 766 3656 μαίνομαι
796 3568 854 3640 κού
882 3568 1074 3656 μαίνομαι.“
1119 3561 1171 3657 ἐφ’
1204 3562 1331 3654 ἑκάστῳ

216 3672 395 3764 συστήματι
418 3670 641 3765 παρόγραφος.
679 3674 738 3744 ἐπὶ
760 3675 798 3744 δὲ
825 3682 871 3766 τῷ
894 3675 980 3745 τέλει
1008 3681 1073 3742 τῶν
1096 3670 1212 3756 στίχων
1230 3672 1333 3761 διπλῆ

304 3942 320 3995 1
345 3945 392 4007 τῆς
414 3945 465 3994 τοῦ
484 3940 557 4005 θοὰ,
587 3941 658 4010 quod
675 3941 762 3996 Dfibn.
789 3939 951 3997 emendavit.
1055 3937 1157 3995 2Ροεί
1175 3936 1333 4004 ἀμοιβαίων

217 4025 309 4084 addidi
328 4023 489 4100 προσώπων
507 4026 540 4084 cf.
559 4026 642 4083 schol.
660 4028 722 4085 nub.
743 4030 767 4084 1.
851 4031 868 4084 3
885 4028 944 4082 Hac
961 4027 1047 4084 forma
1065 4023 1207 4080 masculini
1224 4021 1332 4092 genen's

217 4115 305 4169 utitur
323 4113 499 4180 Heliodorus,
519 4116 600 4184 paulo
618 4114 691 4170 iufra
705 4116 807 4187 legitur
823 4116 961 4186 διμιιρον.
1031 4113 1050 4169 4
1068 4111 1110 4166 cf.
1123 4108 1195 4181 apud
1206 4108 1331 4180 Hephae·

219 4201 334 4257 stionem
352 4215 408 4271 cap.
427 4200 460 4256 V.
480 4203 505 4258 1.
