2864 4846
197 267 232 323 68
369 275 372 279 ’
624 267 732 324 Scholia
747 269 777 324 in
793 278 881 325 ranas.

193 416 334 491 Ἰωνικοῦ
363 417 431 491 άπὸ
464 421 609 509 μείζονος
644 425 699 492 καί
724 424 904 514 χοριάμβου
933 422 1161 514 άκατάληκτον.
1201 423 1239 492 τδ
1268 425 1305 491 δὲ

195 534 252 617 τῆς
275 525 417 620 άντωδῆς
439 527 475 595 ἐκ
497 523 651 612 διιάμβου
674 528 726 595 καί
748 526 947 617 διτροχαιόυ,
970 529 1008 595 τὸ
1031 521 1169 614 ἕβδομον
1192 530 1305 595 δακτυ-

195 630 285 697 λικδν
305 631 553 720 πενθῆμιμερές.
575 632 613 697 τὸ
630 629 744 719 όχδουν
765 631 977 720 χοριαμβικδν
996 630 1159 722 ἡμιόλιον,
1181 630 1305 722 συνίζη-

195 757 246 801 σιν
268 731 338 818 ἔχον
357 733 403 814 εἰς
424 734 462 802 τὸ
481 733 635 823 Θρῆϊκία,
658 735 713 801 διὰ
735 736 773 801 τδ
795 732 941 825 ἡμιόλιον
963 729 1104 802 εἶναιτὸ
1126 741 1182 826 τῆς
1201 734 1305 824 άντῳ-

194 840 251 926 δῆς
279 835 315 904 ἐκ
343 834 533 925 διτροχαίου.
580 838 618 905 τὸ
647 835 758 905 ένατον
788 836 901 922 ὅμοιον
936 844 983 927 τῷ
1011 839 1155 927 πέμπτῳ
1183 838 1237 905 καί
1266 838 1305 905 τὸ

195 940 339 1008 δέκατον.
369 941 407 1007 τὸ
431 937 602 1008 ἑνδέκατον
630 941 829 1030 μονόμετρον
850 939 1139 1032 ὑπερκατάλῆκτον.
1180 941 1219 1009 τὸ
1239 944 1305 1009 δω·

194 1043 329 1112 δέκατον
347 1045 516 1134 τροχαῖκδν
538 1042 688 1133 δίμετρον
707 1042 1005 1136 βραχυκατάλῆκτον
1026 1040 1252 1136 ίθυφαλλικόν.
1283 1043 1303 1134 ῆ

193 1147 229 1215 δέ
248 1141 373 1238 άντῳδῆ
399 1143 576 1236 ίσόμετρος.
613 1148 672 1215 έπί
691 1156 737 1238 τῷ
758 1150 844 1217 τέλει
865 1156 923 1240 τῆς
947 1150 1006 1235 μὲν
1026 1147 1112 1240 ρίδῆς
1134 1148 1303 1237 παράγρα-

194 1275 258 1341 φος
278 1253 335 1319 καί
365 1255 465 1342 διπλῆ
489 1249 554 1320 έσω
575 1258 749 1319 νενευκυῖα·
785 1259 842 1343 τῆς
872 1254 908 1322 δέ
934 1250 1077 1343 άντῳδῆς
1108 1250 1165 1321 δίο
1185 1255 1312 1321 διπλαῐι

193 1352 255 1438 ἔξω
287 1361 475 1448 νενευκυῒαι,
513 1353 532 1446 ῆ
560 1355 618 1442 μέν
647 1356 681 1424 έν
702 1348 782 1447 ἆρχῆ
810 1364 867 1426 τοῦ
890 1354 1008 1443 κώλου,
1046 1355 1125 1447 ἡδὲ
1151 1357 1236 1425 κατὰ
1262 1358 1302 1425 τό

192 1458 314 1552 τέλος.]]
382 1520 387 1529 ,

280 1573 493 1640 686-704.4
526 1563 570 1650 Τό
600 1570 746 1632 τοιοῦτον
777 1560 966 1654 παράβασις
993 1567 1153 1648 καλεῖται,
1196 1561 1302 1653 1δι’περ

192 1665 572 1757 ἔλεγονέπιστρέφοντες
593 1667 678 1757 πρὸς
697 1668 771 1747 τοὺς
792 1668 986 1753 θεωμένους.
1007 1666 1078 1736 ἔστι
1093 1669 1129 1736 δὲ
1144 1666 1162 1736 ὃ
1178 1664 1302 1757 τρόπος

191 1769 268 1840 ὅταν
292 1770 482 1838 καταλιπων
503 1770 544 1837 τά
567 1768 639 1861 ἑξῆς
669 1776 743 1839 2τοί)
771 1767 935 1860 δράματος
963 1770 981 1840 ὃ
1005 1771 1142 1862 ποιητὴς
1164 1779 1302 1858 συμβου-

192 1877 287 1964 λεύσῃ
308 1880 379 1954 τοῖς
392 1874 587 1960 θεωμένοις,
610 1873 724 1965 ῆίίλλο
747 1879 802 1942 8τι
822 1876 915 1956 ε’κτδς
935 1875 1010 1966 λέγῃ
1027 1881 1083 1961 τῆς
1098 1875 1302 1956 ὑποθέσεως.

193 1979 384 2066 [[σόχκειται
411 1978 447 2046 δὲ
480 1977 517 2045 ἐκ
545 1976 661 2061 στίχων
676 1984 850 2068 τροχαϊκῶν
869 1980 1088 2070 τετραμέτρων
1107 1983 1301 2069 καταληκτι-

190 2091 254 2150 κῶν
276 2079 321 2151 κ’.
354 2075 397 2150 ὧν
419 2085 602 2162 τελευταῖος
761 2098 763 2102 ’

365 2205 469 2287 ὑστέρῳγ
481 2203 578 2277 χρόνῳ
597 2202 658 2259 πότ’
680 2203 763 2264 αὖθις
782 2201 812 2259 εὖ
831 2211 951 2280 φρονεῖν
970 2206 1003 2260 οὐ
1023 2204 1152 2277 δόξομεν.

190 2306 248 2373 ἐπὶ
267 2312 314 2394 τῷ
334 2304 418 2373 τέλει
442 2308 542 2395 διπλῆ
565 2302 630 2373 έσω
649 2311 810 2373 νενευκυῖα
831 2307 886 2375 διὰ
908 2309 965 2398 τὴν
987 2300 1235 2396 ἆνεαπόδοσιν.]]

216 2424 218 2429 ’
277 2418 472 2478 716-737.
527 2405 713 2496 [[πολλάκις
741 2408 816 2500 ἡμῖν
846 2408 967 2493 έδυξεε
1000 2405 1047 2479 Τδ
1072 2405 1298 2500 άντεπίρρῆμα
1385 2402 1389 2409 ’

189 2512 301 2598 ὅμοιον
320 2514 401 2581 κατὰ
424 2510 534 2580 πάντα
556 2519 604 2602 τῷ
625 2513 836 2604 ἐπιρρήματι,
863 2514 905 2600 Ὶέκ
929 2513 1045 2599 στίχων
1068 2515 1102 2583 κ’
1123 2519 1297 2603 τροχαίκιῦν

188 2617 408 2708 τετραμέτρων
431 2620 672 2706 καταληκτικιῦν
693 2616 911 2705 συγκείμενον,
936 2612 980 2687 ὧν
1000 2617 1018 2699 ὁ
1040 2623 1220 2698 τελευταῖος
1337 2621 1339 2627 ’

364 2739 399 2808 ῆν
416 2761 442 2794 τι
460 2743 507 2794 καὶ
526 2737 669 2811 πάσχητε,
691 2737 814 2816 πάσχειν
831 2747 889 2801 τοῖς
906 2748 1008 2826 σοφοῖς
1028 2740 1156 2808 δοκήσετε
1174 2747 1179 2753 ’

95 2889 97 2896 ·
187 2841 247 2909 έπί
266 2846 313 2930 τῷ
334 2842 419 2928 τέλει
440 2844 541 2931 διπλῆ
562 2840 624 2923 ἔξω
646 2845 837 2930 νενευκυῖα.]]
1269 2910 1272 2915 ,

275 2954 472 3015 738-813.
526 2945 564 3035 νῆ
591 2945 647 3011 τὸν
675 2943 743 3012 Δία
773 2947 830 3014 τὸν
858 2949 1023 3035 Σωτῆρας
1061 2945 1231 3034 Moenum
1259 2947 1296 3015 δὲ

186 3045 351 3118 εἰσιόντων
374 3042 472 3128 αὖθις
490 3056 554 3115 τῶν
572 3046 769 3134 ὑποκριτῶν.
809 3046 840 3116 οί
866 3050 903 3118 δὲ
920 3047 1034 3132 στίχοι
1056 3047 1202 3134 ίαμβικοί
1224 3048 1299 3139 τρί-Ἰ

185 3178 297 3241 μετρυι
320 3145 533 3255 άκατάληκτοι
556 3149 619 3234 ος’.
653 3145 699 3218 ὧν
716 3155 897 3234 τελευταῖος

282 3353 285 3359 Ι
393 3272 603 3342 ἐσπουδάκωσι,
623 3274 759 3346 κλαύμαθ’
779 3277 850 3349 ἡμῖν
869 3267 1058 3354 meminerat]

272 3385 335 3444 814
349 3386 469 3444 -829,
516 3372 628 3467 [[ῆπου
659 3377 761 3444 δεινόν
788 3376 1029 3467 ε’ριβρεμέταςτ
1057 3375 1208 3465 Κορωνὶς
1236 3377 1293 3444 καί

183 3477 333 3560 είσθεσις
352 3479 469 3566 μέλους
495 3485 591 3569 χοροῦ
611 3477 865 3572 μονοστροφική,
908 3481 1104 3571 ὅτέσσαραςί
1120 3477 1293 3569 περιόδους

182 3581 299 3669 ὁμοίας
327 3579 452 3667 ἔχουσα.
496 3586 537 3651 τά
562 3589 650 3669 κῶλα
679 3578 712 3652 δ’
741 3581 877 3675 ἑκάστης
907 3582 1062 3674 περιόδου
1091 3583 1174 3652 εἰσίν
1204 3580 1291 3651 ἑπτὰ

183 3684 357 3780 ίσόμετρα.
386 3681 429 3767 ὧν
450 3690 491 3755 τὰ
517 3688 575 3775 μέν
595 3695 710 3777 πρῶτα
737 3688 792 3756 καί
821 3688 914 3778 τρίτα
935 3691 990 3757 καί
1012 3688 1152 3774 πέμπτα
1172 3691 1290 3756 δακτυ-

182 3790 265 3861 λικά.
289 3789 376 3882 άλλδιΙ
394 3791 436 3858 τὰ
457 3793 517 3877 μέν
540 3789 763 3882 ἑφθῆμιμερῆ,
787 3793 829 3859 τά
844 3794 880 3861 δέ
902 3793 1045 3878 πέμπτα
1056 3797 1289 3882 πενδῆμιμερῆ.

181 3895 222 3960 τά
245 3892 375 3982 δείτερα
402 3896 458 3961 καί
477 3895 614 3985 τέταρτα
642 3897 697 3988 καί
728 3896 805 3964 έκτα
827 3888 1050 3965 άναπαιστικά
1073 3893 1288 3986 ἓφδῆμιμερῆ.

269 4110 284 4161 1
297 4106 366 4180 ὅπερ
375 4106 449 4171 Ald.,
469 4106 563 4178 ὥσπερ
575 4112 633 4170 M„
651 4106 722 4178 άπερ
735 4106 823 4160 Diibn.
884 4109 901 4162 2
914 4112 961 4161 τοῦ
974 4106 1059 4178 λόχου
1072 4113 1118 4172 6.,
1138 4108 1184 4176 qui
1196 4107 1211 4160 ὁ
1223 4125 1288 4159 ποι-

111 4189 113 4193 ’
180 4192 335 4261 ητῆςοικ,
366 4190 539 4265 συμβουλεύῃ
557 4193 589 4245 V.
609 4192 669 4248 Ald.
751 4197 812 4249 3τι
829 4196 893 4262 ροελ
914 4197 978 4268 Mys]
1000 4195 1077 4263 ponit
1098 4193 1131 4248 R.
1148 4194 1288 4263 sequentia

180 4295 232 4335 om.
251 4279 333 4333 etiam
354 4282 384 4337 Θ.
403 4284 446 4335 M.
499 4278 629 4333 4Potius
649 4279 776 4350 Ιγίγνεται
828 4282 996 4352 διέσσαρος
1012 4277 1162 4352 περιόδους
1173 4279 1288 4365 ὁμοίους
