2864 4846
207 251 257 305 102
305 293 308 301 .

208 406 309 487 bitur,
347 427 493 473 versuum
524 409 628 493 capita
665 427 727 473 non
755 408 874 474 lineam
909 411 1028 474 rectam
1059 409 1258 494 descripsisse
1287 410 1322 475 in

209 511 322 579 codice.
367 512 517 578 nonnulla
547 512 662 579 ideirco
693 513 892 578 conferamus
922 514 1064 598 exempla
1094 513 1181 580 velut
1205 513 1321 581 codicis

208 617 246 682 V.
270 616 366 682 schol.
388 637 433 701 eq.
448 623 530 696 756,
558 607 636 680 εἶισ
650 613 684 690 ἐν
708 613 840 692 ἐκθέσει
864 614 934 681 ἐστὶ
961 614 999 681 τὸ
1024 612 1142 700 έθιμσν
1166 614 1320 700 δίστιχον,

208 721 403 803 excipiuntur
447 722 530 787 enim
568 722 627 786 hoc
659 721 728 786 loco
773 720 907 804 quinque
955 721 1107 787 trochaici
1143 723 1322 788 tetrametri

209 826 417 910 anapaesticis
441 828 562 893 duobus
584 825 793 909 longioribus3
816 824 912 891 schol.
935 844 981 908 eq.
1005 833 1086 905 8251,
1110 827 1164 892 ubi
1185 846 1321 911 anapae-

208 930 303 997 sticos
326 932 527 997 tetrametros
555 932 693 1015 systema
718 931 953 1015 anapaesticum
981 933 1124 1014 sequitur
1148 931 1225 997 colis
1245 932 1321 997 sub·

206 1035 320 1100 sistens
342 1031 388 1119 (ἐν
410 1030 588 1118 stramem
620 1035 654 1099 in
675 1034 772 1100 schol.
797 1041 859 1099 972
881 1036 949 1100 tota
968 1025 1098 1113 ἐξὰςέκ
1120 1039 1139 1096 Ι
1141 1031 1322 1099 ’λνκωνείισν

208 1139 240 1204 ot
264 1134 516 1224 Φερεκρατείων,
542 1138 624 1222 quod
639 1138 828 1204 antecedunt
841 1139 969 1203 iambici
989 1140 1141 1218 trimetri,
1158 1136 1193 1203 ἐν
1207 1134 1321 1203 εἰσθέ-

207 1263 259 1305 σει
286 1242 388 1324 posita
419 1244 483 1320 est3
518 1243 550 1307 in
573 1243 669 1308 schol.
692 1263 760 1326 pac.
785 1249 865 1321 571,
901 1241 1014 1325 μέλος,
1050 1235 1088 1306 οὗ
1115 1239 1149 1306 ἐν
1171 1238 1321 1307 εἰσθέσει

208 1342 299 1410 ἐννέα
318 1346 446 1430 (κῶλα),
470 1344 504 1410 ἐν
520 1343 652 1411 ἐκθέσει
670 1343 778 1427 στίχος
793 1343 981 1431 ιρσχαῖκόςς
1000 1348 1034 1411 iu
1050 1347 1145 1413 schol.
1162 1367 1229 1432 pac.
1247 1353 1321 1428 651,

156 1448 317 1618 qk,
355 1439 393 1515 οὗ
416 1446 453 1514 δ’
474 1447 534 1533 μέν
556 1445 620 1514 εἶσι
643 1451 730 1515 κῶλα
759 1446 893 1536 δι’μενρα
916 1443 1134 1536 ἀκατάληκια,
1165 1447 1199 1513 ἐν
1222 1447 1321 1516 ἐκθέ-

226 1559 258 1617 ἐι
289 1549 398 1634 στίχος
436 1548 651 1641 τετράμειρσς
691 1549 869 1639 σρσχαϊκός.
928 1554 962 1618 in
995 1555 1092 1622 schol.
1127 1555 1227 1634 856¹'‚
1268 1557 1322 1621 ubi

208 1659 397 1725 antecedunt
420 1659 508 1723 κῶλα
528 1653 653 1722 Ἰωνικὰ
674 1655 707 1721 ἐν
729 1653 859 1722 ἐκθέσει
880 1658 986 1741 (scrib.
1009 1655 1042 1722 έν
1061 1654 1220 1742 εἶσθέσει)
1243 1660 1321 1725 duo·
1396 1710 1401 1720 .

207 1760 332 1846 5σε(ἐν
355 1758 500 1846 ἐκθέσει)
523 1762 665 1827 iambicis
688 1764 891 1828 tetrametris.
936 1763 970 1827 in
995 1763 1091 1829 schol
1117 1770 1197 1841 922,
1221 1762 1322 1849 διπλῆ

207 1863 262 1929 καὶ
293 1859 427 1941 έκθεσις
456 1860 504 1941 εἷς
526 1859 679 1948 ἰάμβοις,
709 1868 782 1948 quia
802 1865 897 1950 paulo
923 1869 996 1932 ante
1027 1866 1229 1934 inveniuntur
1251 1868 1322 1933 cola

203 1968 353 2035 iambica.
397 1969 429 2032 in
458 1968 555 2034 schol.
580 1976 642 2034 939
675 1989 798 2060 summo
828 1989 981 2036 consensu
1016 1989 1126 2036 versus
1163 1971 1322 2054 longiores
1404 1975 1408 1984 '

209 2055 589 2139 iambicos'tctrametros
617 2070 650 2137 ἐν
673 2070 823 2156 ἐκθέσει,
862 2075 932 2139 cola
960 2076 1066 2140 cutem
1090 2095 1109 2140 a
1130 2076 1224 2140 choro
1247 2095 1320 2160 pro·

208 2179 353 2244 nuntiata
381 2178 525 2243 breviora
552 2173 586 2240 έν
610 2172 759 2242 εἰσθέσει
791 2178 893 2263 posita
923 2198 989 2245 esse
1013 2179 1165 2244 videmus.
1211 2180 1321 2244 deindo

209 2285 299 2367 (956)
322 2282 376 2366 qui
398 2284 570 2366 sequuntur
593 2283 720 2348 iambici
742 2283 878 2348 trimetri
902 2279 936 2345 ἐν
957 2279 1103 2363 ἐκθέσει,
1126 2284 1195 2349 cola
1216 2285 1322 2349 autem
1400 2348 1403 2352 ,

208 2386 280 2452 inde
303 2407 322 2452 a
343 2404 437 2452 versu
459 2387 549 2471 (974)
570 2383 605 2449 έν
627 2382 790 2464 εἰσθέσει,
822 2386 951 2452 iambici
980 2387 1116 2453 trimetri
1144 2389 1260 2452 iterum
1290 2383 1322 2451 ἐν

209 2487 340 2558 ἐκθέσει
364 2491 395 2556 et
416 2490 531 2559 ibidem
552 2492 664 2574 (1039)
686 2489 814 2556 iambici
836 2491 975 2556 trimetri
1000 2494 1073 2574 post
1095 2492 1165 2556 cola
1186 2492 1323 2557 iambica

210 2591 243 2658 ἐν
266 2588 399 2658 ἐκθέσει
413 2587 532 2678 scripti
552 2596 634 2659 sunt.
678 2595 728 2659 his
758 2595 857 2679 igitur
891 2593 997 2664 allatis
1028 2594 1192 2678 exemplis,
1228 2616 1324 2678 quam

177 2754 179 2759 .
211 2717 306 2783 supra
335 2700 534 2782 exposuimus
562 2717 628 2763 osse
657 2719 766 2764 veram
794 2718 831 2764 ac
860 2697 1045 2764 naturalem.
1062 2700 1147 2765 vocis
1175 2693 1324 2776 ε’έσθεσις

212 2806 267 2869 cut
286 2798 420 2879 έκθεσις
443 2803 703 2887 significationem
726 2823 798 2868 cum
821 2823 942 2868 summa
965 2804 1199 2886 probabilitatis
1222 2805 1324 2887 specie

213 2907 400 2974 contendere
429 2908 514 2973 licet.
567 2908 649 2989 quod
680 2909 707 2973 si
738 2907 826 2973 nobis
859 2908 1134 2991 persuasissimum
1160 2912 1223 2984 est,
1261 2928 1324 2975 non
1363 2936 1365 2941 ·

200 3011 331 3077 iamin
355 3011 447 3077 dubio
471 3030 538 3077 esse
560 3011 679 3094 potest,
705 3011 778 3094 quid
799 3011 926 3076 valeant
949 3013 1071 3077 ceterae
1092 3011 1186 3077 huius
1200 3012 1323 3096 generis

214 3135 306 3182 uoces
336 3111 530 3195 ἐκέκθεσις,
560 3110 762 3191 ἐπείσθεσις.
809 3114 891 3198 quod
925 3135 983 3199 quo
1011 3115 1135 3181 facilius
1155 3116 1324 3200 intellega-

214 3239 299 3299 mus,
325 3219 501 3304 exemplum
523 3219 735 3296 conferamus,
760 3218 841 3303 quod
860 3221 961 3284 exstat
982 3219 1015 3283 in
1039 3221 1135 3285 schol.
1150 3226 1324 3302 pac.1316.

216 3325 361 3408 deinceps
376 3325 460 3389 enim
474 3323 556 3390 inter
571 3343 604 3389 se
620 3324 777 3407 excipiunt
789 3324 901 3409 (1301)
913 3324 1040 3390 iambici
1055 3325 1199 3403 trimetri,
1211 3325 1324 3408 (1394)

216 3428 368 3495 trochaici
389 3428 567 3494 tetrametri
589 3430 620 3493 et
643 3435 726 3493 1316
757 3429 949 3510 anapaestici
977 3429 1170 3507 tetrametri‚
1208 3428 1263 3511 qui
1293 3424 1326 3490 ἐν
1402 3413 1405 3417 ’

216 3527 395 3599 έπεκθέσει
416 3531 511 3617 positi
533 3531 707 3597 traduntur.
754 3531 890 3596 alterum
916 3532 1009 3596 huius
1037 3533 1122 3598 vocis
1148 3532 1324 3614 exemplum

216 3636 375 3705 invenitur
396 3637 429 3702 in
445 3637 542 3702 schol
559 3633 652 3714 346¹’‚
677 3635 732 3700 ubi
751 3639 881 3720 πρῶτος
903 3630 1011 3714 στίχος
1032 3623 1201 3721 τροχαϊκὸζ
1221 3629 1325 3698 ἐκκεί-

217 3763 313 3824 μενσς
335 3738 390 3805 καὶ
413 3737 558 3826 δεύτερον
581 3737 615 3803 έν
639 3733 785 3804 εἰσθέσει
809 3738 909 3801 κῶλον
931 3731 1121 3819 νεαιισνικόν,
1145 3733 1177 3802 ἐν
1192 3734 1325 3802 ἐκθέσει

216 3842 456 3932 τειράρρυθμσς
486 3836 702 3928 ἀκατάληκισς
730 3838 787 3907 κᾶν
817 3838 995 3907 ἐπεκθέσει
1024 3839 1189 3927 σρσχαϊκσὶ
1212 3835 1325 3927 τετρά-

219 3972 332 4034 μειροι
358 3950 455 4033 positi
484 3950 566 4015 sunt.
621 3946 730 4013 deinde
760 3949 793 4012 in
822 3946 918 4011 schol.
947 3966 1014 4029 pac.
1040 3953 1102 4010 426
1138 3946 1233 4011 verba
1260 3946 1324 4023 illa,

219 4044 314 4132 „siro
338 4049 371 4117 ἐν
394 4050 551 4117 ἐκθέσει“
572 4053 614 4117 ob
631 4070 683 4130 ea,
706 4071 784 4135 quae
808 4051 980 4132 sequuntur
1003 4046 1094 4132 παρὰ
1117 4046 1193 4124 τοὺς
1213 4071 1325 4131 τετρα-

219 4153 353 4243 μέτρους
383 4158 417 4221 in
451 4147 549 4237 „siro
571 4151 605 4218 ἐν
627 4149 801 4219 εἰσθέσει“
831 4154 982 4219 mutanda
1004 4172 1088 4230 esse,
1122 4151 1325 4217 manifestum

220 4263 277 4326 est.
321 4263 380 4328 hoc
403 4262 429 4327 si
453 4260 651 4328 concedimus
672 4246 742 4324 luce
765 4258 879 4324 clarius
899 4259 961 4338 cst,
986 4277 1022 4323 ea
1037 4274 1115 4340 quae
1131 4256 1325 4339 subsequun-
