2864 4846
208 258 241 315 66
632 256 739 314 Scholia
757 259 784 313 in
806 274 895 316 renes.

207 410 444 504 δκαταλῆκτων.
486 412 545 480 ε’πὶ
566 417 612 501 τῷ
642 413 727 480 τέλει
760 413 1002 504 1παρυίμραφος.
1046 411 1120 503 ἑξῆς
1141 414 1178 482 δὲ
1200 415 1319 506 ταύτης

205 525 263 609 τῆς
285 526 427 609 στροφῆς
448 517 483 584 ἐν
504 515 652 584 stetten
675 518 819 607 σύστημα
841 519 924 584 κατὰ
947 519 1129 607 περικοπὴν
1144 516 1318 604 ἄμοιβαῖον

207 621 243 688 ἐκ
266 619 376 689 κώλων
399 616 563 708 ἀναλόγως
583 629 622 710 τῆ
645 628 770 711 στροφῇ
794 622 961 706 κειμένων·
999 613 1043 688 ὧν
1065 623 1103 691 τδ
1133 626 1316 691 τελευταῖον

207 721 412 816 παραγρδφφ
434 728 649 814 σημειοῦται.]]

296 839 493 898 440-459.
544 832 700 919 [[χωρεῖτε
732 836 815 897 vir:
855 826 1016 909 Εἴσδεσις
1052 826 1161 918 ἑτέρου
1197 830 1317 914 μέλους

206 933 373 1023 προιμδικῆ
401 931 625 1023 διαιρεθέντος
651 927 749 1012 αὖθις
769 941 826 999 τοῦ
854 937 963 1020 χοροῦ,
1001 934 1056 1000 καί
1081 939 1139 1000 τοῦ
1170 935 1229 1019 μὲν
1256 935 1315 1025 τὴν

170 1074 175 1083 .
206 1039 356 1129 προῳδῆν
375 1034 528 1126 ᾄσαντος,
549 1044 606 1105 τοῦ
631 1036 667 1104 δὲ
689 1037 745 1125 τῆν
765 1029 990 1126 οἷντιστροφῆν.
1013 1037 1069 1103 καί
1092 1035 1157 1104 εἰσὶ
1177 1044 1236 1127 τῆς
1255 1039 1316 1121 μὲν

207 1145 359 1231 προφδῆς
389 1142 431 1208 τὰ
453 1144 542 1208 κῶλα
565 1140 658 1211 δκτιί.
695 1140 732 1209 τὸ
755 1147 887 1228 πρῶτον
915 1136 1055 1208 Ἰωνικὸν
1077 1142 1147 1209 ἀπὸ
1169 1140 1319 1225 μείζονος

206 1245 374 1335 τρίμετρον
412 1245 654 1334 καταληκτικόν,
691 1253 747 1312 τοῦ
779 1245 927 1333 δευτέρου
956 1245 1061 1326 ποδὸς
1090 1242 1317 1331 ἑξασυλλάβον.

206 1351 248 1418 τὰ
270 1357 292 1436 β
299 1350 316 1429 ’,
349 1347 385 1417 δ’
406 1350 462 1417 καὶ
485 1352 666 1417 τελευταῖον
686 1349 852 1416 παιωνικδι
885 1348 1019 1438 δίμετρα
1040 1351 1254 1440 καταληκτικδ
1281 1351 1318 1418 ἐκ

207 1452 351 1532 παίιονος
372 1450 518 1542 πρώτου,
539 1451 561 1543 ἢ
580 1449 749 1542 τετάρτου,
772 1453 827 1520 καί
849 1453 1015 1538 βακχείου,
1046 1449 1317 1543 ῆιίμφιβροὶχεος.
1359 1444 1364 1448 ’

205 1559 243 1627 τδ
265 1557 372 1649 τρίτον
394 1555 546 1644 ἰαμβικὸν
568 1557 716 1646 δίμετρον
746 1554 971 1645 ἀκατάληκτον.
1015 1557 1051 1625 τὸ
1082 1558 1236 1643 πέμπτον
1260 1559 1318 1625 καὶ
1373 1624 1378 1639 ,-

206 1666 346 1750 ἕβδομον
367 1660 622 1750 ἔπιχοριαμβικδ
646 1661 781 1749 δίμετρα
810 1656 1013 1751 ἅκατάληκτα
1035 1659 1071 1729 ἐκ
1094 1658 1261 1747 διιοίμβου,
1298 1660 1318 1750 ἢ

206 1765 373 1855 ἐπιτρίτου
395 1764 518 1853 τρίτου,
538 1765 592 1832 καὶ
606 1765 793 1853 χοριιίμβοο.
816 1765 853 1833 τὸ
876 1764 967 1832 ἕκτον
987 1765 1156 1853 τροχαῖκδν
1173 1763 1318 1855 ἰδυφαλ-

206 1871 306 1939 λικόν.
348 1874 404 1959 τῆς
432 1868 468 1936 δὲ
492 1873 632 1958 στροφῆς
653 1869 694 1935 τὰ
716 1872 805 1936 κιῦλα
827 1866 864 1950 (ἐξ
884 1869 939 1936 καὶ
961 1870 1002 1934 τὰ
1024 1877 1081 1958 τῆς
1102 1867 1318 1959 ἀναστροφῆς

205 1983 360 2043 τοσαῦτα.
404 1965 446 2038 ὧν
474 1973 514 2038 τὰ
545 1978 660 2061 πρῶτα
693 1970 828 2057 ίαμβικίι
858 1970 993 2061 δίμετρα
1018 1970 1230 2063 δκατοίληκτα.
1276 1973 1318 2039 τὰ

206 2078 337 2165 δεύτερα
358 2077 576 2165 καταληκτικδ
597 2073 669 2166 ῆτοι
693 2073 911 2167 ἑφδημιμερῆ.
955 2077 992 2146 τὸ
1020 2076 1128 2162 μέντοι
1148 2083 1204 2166 τῆς
1226 2071 1317 2144 ἅντι-

208 2189 349 2272 στροφῆς
373 2178 543 2269 τρίβραχυν
572 2178 638 2263 ipre
659 2184 715 2247 τὸν
742 2181 889 2268 δεύτερον
919 2181 1025 2248 πόδα·
1059 2179 1143 2249 ἔνθα
1165 2182 1219 2248 καί
1242 2175 1317 2248 nivet

206 2294 263 2355 τοῦ
283 2284 408 2374 ἱλαρόν,
437 2281 521 2373 ἱερὸν
543 2280 709 2374 γράφεται.
751 2285 793 2352 τδι
813 2282 907 2373 τρίτα
931 2278 1056 2352 Ἰωνικὰ
1079 2282 1148 2353 ἀπὸ
1170 2283 1317 2372 μείζονος

207 2390 343 2478 δίμετρα
378 2389 595 2479 καταληκτικδι
631 2386 667 2456 ἐκ
691 2386 849 2479 ,παίωνος
884 2389 1031 2478 δευτέρου
1072 2390 1128 2456 καὶ
1168 2397 1315 2480 κρητικοῦ

206 2491 279 2584 ῆτοι
299 2486 515 2582 οίμφιμοίκρου.
545 2493 586 2559 τὰ
608 2492 746 2577 πέμπτα
768 2493 822 2560 καί
844 2494 885 2560 τὰ
908 2493 985 2561 ἕκτα
1001 2492 1128 2580 δμοίως.
1152 2495 1192 2560 τὰ
1206 2495 1317 2579 μέντοι

206 2603 264 2689 τῆς
294 2595 511 2687 ἀντιστροφῆς
539 2589 606 2663 ἄντ’
636 2594 783 2664 Ἰωνικῶν
805 2595 870 2679 ἔχει
893 2596 1042 2677 παίωνας
1065 2598 1236 2687 δευτέρους.
1276 2597 1318 2663 τὰ

206 2707 374 2771 τελευταῖα
394 2694 516 2768 Ἰωνικὰ
538 2697 671 2790 ἡμιόλια
693 2699 764 2790 ῆτοι
786 2699 920 2786 δίμετρα
943 2699 1234 2791 βραχυκατάληκτα.
1258 2700 1317 2768 ἐπὶ

205 2813 252 2896 τῷ
280 2806 366 2874 τέλει
394 2811 451 2895 τῆς
477 2803 535 2889 μὲν
565 2807 719 2893 προφδοῦ
747 2804 804 2871 καὶ
833 2809 889 2894 τῆς
918 2814 1060 2896 στροφῆς
1090 2801 1315 2894 παράμραφος,

206 2918 264 2999 τῆς
285 2910 321 2977 δὲ
343 2906 559 2998 ἀντιστροφῆς
584 2905 748 2999 κορωνίς.]]

296 3021 492 3081 460-533.
539 3010 623 3100 [[δίγε
652 3009 690 3102 δῆ
714 3037 722 3080 :
750 3012 899 3099 Κορωνὶς
928 3007 1096 3080 εἰσιόντων
1125 3008 1225 3092 αὖθις
1253 3020 1317 3079 τῶν

206 3115 399 3204 ὑποκριτῶν.
421 3113 452 3183 οἱ
476 3116 511 3183 δὲ
536 3115 641 3200 στίχοι
663 3115 809 3202 ἰομβικοί
832 3115 994 3206 τρίμετροι
1017 3108 1234 3206 σίκατιίληκτοι
1250 3119 1289 3183 οδ
1296 3111 1314 3200 ’,

207 3213 251 3288 ὧν
271 3224 453 3300 τελευταῖος

487 3345 558 3416 ἐμοῦ
576 3345 703 3411 δεηθείης
722 3341 772 3409 ι’ίν,
793 3349 818 3398 εἰ
834 3342 899 3403 θεὸς
918 3346 995 3399 θέλοι

207 3444 267 3512 ἐπὶ
289 3450 335 3533 τῷ
356 3444 442 3512 τέλει
462 3443 624 3532 κοριονίς.ῆ

199 3568 201 3573 ’
296 3557 492 3619 534-548.
535 3549 715 3633 ταῦταμὲν
738 3549 823 3639 πρὸς
851 3546 965 3638 ἀνδρός
992 3550 1103 3616 ἐστινι
1128 3545 1316 3636 [[Εἴσδεσις

206 3657 323 3738 μέλους
341 3660 436 3742 χοροῦ
459 3653 627 3742 προφδικῆ
649 3659 791 3743 στροφῆς
813 3649 907 3740 λόγον
930 3653 1061 3737 tigerne,
1083 3650 1162 3742 (ἔχει
1184 3650 1316 3740 γὰρκαὶ

206 3751 439 3847 οίντίστροφον,
469 3758 507 3826 τδ
530 3763 609 3840 „miv
626 3757 685 3825 σδν
699 3754 791 3845 ἔργον
805 3756 934 3849 ἐστίν)“
958 3759 994 3825 ἐκ
1010 3755 1119 3824 κώλων
1140 3761 1317 3845 τροχαϊκῶν

207 3858 244 3944 ι’,
265 3855 308 3928 ὧν
330 3861 371 3927 τὰ
392 3862 435 3948 y',
463 3861 510 3944 ς’,’
531 3857 574 3928 θ’
597 3860 730 3952 δίμετρα
752 3859 983 3951 καταληκτικοί,
1012 3860 1085 3952 ῆτοι
1107 3857 1317 3949 ἓφδημιμερῆ

206 3957 398 4053 Εὐριπίδεια
405 4017 414 4046 ,
441 3966 482 4031 τοὶ
505 3964 541 4032 δὲ
563 3966 666 4038 λοιπδι
692 3962 911 4057 δκατυίληκτα·
939 3966 1024 4056 πλὴν
1048 3971 1103 4032 τοῦ
1132 3961 1317 4031 τελευταίου

282 4179 311 4232 ’1
329 4178 403 4244 Quae
421 4179 549 4248 leguntur
572 4177 644 4248 apud
663 4177 818 4233 Dtbnemm
835 4180 898 4246 post
915 4176 1099 4253 παράμριιφος
1116 4176 1151 4232 εδ
1170 4180 1316 4232 metrorum

207 4263 456 4334 interpretationem
477 4281 531 4320 non
550 4266 713 4334 pertinentia
732 4281 819 4320 errore
837 4264 941 4320 librarii
960 4264 1120 4332 interposite
1139 4266 1211 4318 sunt.
