2864 4846
154 270 189 326 28
423 310 426 315 -
586 268 693 324 Scholia
709 269 739 323 in
760 267 832 323 P1ut.

243 431 437 493 598·-618.
484 418 586 512 {dm
615 421 757 514 φθείρου
787 423 842 492 καί
874 423 918 514 μὴ
946 419 1081 513 γρύζῃςι
1108 419 1267 502 ’Έκθεσις

158 533 236 620 1τῆς
264 531 382 619 διπλῆς
410 528 447 596 ἐκ
475 525 588 597 κόλων
617 525 738 615 ὁμοίιον
772 522 1018 596 δνσπαιστικῶν
1056 523 1115 611 κα’,
1155 520 1198 593 ὧν
1227 526 1266 593 τὸ

155 639 287 722 πρῶτον
308 631 457 722 δίμετρον
478 627 714 723 δκατυίληκτον,
737 633 775 702 τὸ
800 629 947 724 δεύτερον
969 628 1174 721 μονόμετρον
1186 628 1267 697 σἰκα-

154 733 326 827 τόληκτον,
364 737 402 804 τό
424 731 450 823 γ’
471 735 581 823 ὅμοιον
608 744 654 825 τῷ
677 733 827 827 πρώτῳ,.
854 733 943 806 τὸδ’
970 737 1026 804 καί
1051 735 1090 803 τὸ
1114 735 1269 820 πέμπτον

155 839 269 928 ὅμοια,
308 839 345 909 τδ
368 835 395 922 ς’
417 838 529 927 ὅμοιον
549 847 596 931 τῷ
619 841 770 932 δευτέρῳ,
800 841 838 910 τὸ
863 840 1003 928 ἕβδομον
1024 837 1204 929 ὅμοιοντῷ
1226 835 1266 924 α’,

155 944 193 1014 τὸ
216 944 243 1035 η’
266 942 379 1029 ὅμοιον
401 953 448 1034 τῷ
467 944 618 1034 δευτέρῳ,
641 946 679 1014 τὸ
701 943 829 1014 ἔννατον
848 943 960 1032 ὅμοιον
980 951 1028 1034 τῷ
1049 939 1089 1027 α’,
1110 944 1149 1011 τὸ
1163 942 1267 1010 δέκα·

157 1074 212 1117 τον
240 1046 353 1133 ὅμοιον
378 1054 426 1138 τῷ
452 1049 602 1138 δευτέρῳ,
640 1049 678 1118 τδ
707 1049 750 1117 ια’
772 1047 885 1136 ὅμοιον
910 1054 957 1138 τῷ
991 1047 1124 1137 πρώτῳ,
1164 1046 1202 1114 τὸ
1225 1042 1268 1133 ιβ

157 1147 1272 1241 Μωῴβώῴώδώώὠῄωῷώῴώ

159 1257 208 1324 ιδ’
230 1255 327 1342 ὅμοια
347 1262 395 1345 τῷ
417 1253 553 1346 πρώτω,
574 1255 644 1348 ἤτοι
667 1256 803 1348 δίμετρα
822 1250 1041 1346 ἀκατάληπτα·
1063 1255 1101 1323 τὸ
1117 1254 1146 1322 κ’
1160 1254 1273 1340 ὅμοιον

158 1367 204 1451 τῷ
225 1357 265 1448 β,
287 1358 509 1452 δναπαιστικὴ
539 1359 654 1449 βάσις,
690 1360 763 1454 ἤτοι
789 1359 1002 1451 μονόμετρου,
1041 1353 1139 1429 όκαί
1163 1384 1273 1448 παρα-

158 1464 305 1534 τὲλευτον
328 1457 535 1551 ὀνομάζεται·
556 1466 595 1535 τὸ
618 1466 673 1534 κα’

491 1593 539 1642 καὶ
557 1594 604 1656 τῆς
620 1595 720 1651 πενίας
736 1591 936 1664 καταπαρδεῖν,

162 1684 311 1778 δίμετρον
353 1689 585 1779 καταληκτικδν
626 1688 673 1773 είς
714 1690 872 1782 συλλαβήν
879 1745 887 1775 ,
932 1688 1004 1776 ἤτοι
1041 1686 1272 1780 ἓφθημιμερές,

162 1789 276 1878 ὅμοιον
297 1800 344 1884 τῷ
365 1792 528 1884 Κρατίνου
552 1794 585 1863 ἐν
603 1788 807 1864 Ὀδυσσεῦσιν

477 1915 564 1987 σιμόν
582 1921 650 1971 ’νυν
667 1917 741 1978 ἅπας
761 1919 820 1988 ἔχε,
840 1916 935 1989 σιμόν,

476 2008 523 2056 καὶ
541 2001 634 2060 πάντα
653 2001 740 2074 λόγον
756 2002 828 2074 τάχα
856 2001 952 2078 πείσῃ.

363 2150 365 2155 .
431 2137 433 2140 Α
477 2088 545 2160 ἡμῖν
564 2088 588 2143 δ’
607 2087 702 2157 Ἰδσίκη
723 2096 822 2162 πατρίς
837 2091 904 2154 ἔστι,

477 2179 599 2247 πλέομεν
617 2177 641 2230 δ
663 2176 709 2247 ἅμ’
727 2172 858 2232 Ὀδυσσέϊ
879 2176 955 2246 θὲίῳ.

164 2281 332 2348 καλεῖται8
353 2279 389 2347 δὲ
412 2274 641 2370 παροιμιακόν,
665 2276 710 2360 ὡς
725 2277 936 2369 Ἡφαιστίων
957 2276 1056 2369 φησί,
1081 2276 1135 2344 διὰ
1157 2276 1195 2343 τὸ
1207 2296 1275 2342 πα-

163 2380 294 2472 ροιμίας
321 2382 413 2463 τινὰς
445 2384 479 2450 ἑν
507 2379 612 2472 τούτῳ
641 2390 689 2473 τῷ
712 2385 819 2472 μέτρῳ
840 2377 939 2450 εἶναι·
976 2374 1031 2450 οὐκ
1061 2378 1193 2459 εἰκότως
1220 2377 1276 2446 δέ·

166 2484 231 2555 εἰσί
258 2487 318 2577 γὰρ
351 2485 529 2574 παροιμίαι
563 2486 679 2556 ἒπικαὶ
716 2488 772 2554 καί
807 2483 974 2572 ἷαμβικαί,
1011 2484 1068 2552 καὶ
1097 2475 1134 2551 οὗ
1162 2478 1276 2550 τοτ’ποο

164 2586 264 2677 μόνου
292 2596 351 2659 τοῦ
377 2591 503 2680 μέτρου.
545 2584 615 2658 εἶτα
650 2590 706 2658 δίο
734 2592 866 2673 διπλαῖ,
906 2587 925 2678 ἡ
952 2588 1010 2675 μὲν
1043 2588 1077 2655 ἕν
1106 2582 1189 2678 ἀρχῇ
1217 2593 1278 2655 τοῦ

155 2691 348 2767 ,τελευταίου
382 2692 508 2774 κοίλους
538 2691 557 2782 ἡ
586 2694 622 2763 δὲ
659 2694 741 2762 κατὰ
777 2691 815 2762 τδ
847 2692 969 2774 τέλος·
996 2684 1180 2781 όμφότεραι
1214 2687 1277 2772 ἔξω

165 2800 368 2887 νενευκυῖαιλ]

255 2928 449 2989 619-626.
495 2911 573 3008 αὕτη
600 2919 658 3005 μὲν
683 2915 781 3008 ἡμῖντ
809 2917 961 3005 Σόστημα
990 2916 1073 2984 κατὰ
1094 2896 1279 3006 περικοπὴν

167 3017 396 3112 οίνομσισμερδς
416 3021 533 3107 στίχων
555 3021 714 3109 ίαμβικῶν
735 3022 911 3113 τριμέτρων
933 3017 1160 3112 ίικαταλήκτων
1175 3019 1278 3089 ὀκτώ·

167 3125 227 3195 ἐπὶ
248 3131 295 3216 τῷ
316 3126 403 3196 τέλει
434 3124 664 3218 παρόμραφος,
702 3129 756 3197 καί
787 3125 859 3219 ἑξῆς
887 3127 924 3198 τδ
953 3133 1059 3215 χοροῦ.
1104 3117 1279 3192 κάνταῦθα

169 3329 225 3383 ἀλλ’
247 3327 291 3382 ὅτι
308 3325 426 3400 μάλισθ’
446 3325 489 3380 δτι
507 3325 598 3396 (solih.
619 3316 705 3395 οὗτοι)
725 3325 922 3392 πλεονάζουσι,
952 3329 999 3380 καὶ
1029 3327 1068 3380 ἔτι
1096 3328 1204 3397 μᾶλλον
1230 3323 1278 3378 διὰ

168 3415 198 3468 τὸ
217 3416 247 3468 ἰκ
262 3413 368 3473 παντὸς
389 3413 441 3467 τόν
460 3416 618 3476 τελευταῖον
641 3410 702 3481 ἤτοι
728 3411 752 3475 ζ’
776 3410 854 3466 πόδα
875 3411 925 3467 τὸν
941 3412 995 3484 πρὸ
1018 3416 1064 3480 τῆς
1082 3415 1280 3479 καταληκτικῆς

171 3504 306 3570 συλλαβῆς
323 3497 496 3555 ἀνάπαιστον
517 3499 596 3554 εἶναι.
631 3500 791 3567 ἐπιδέχεται
812 3501 843 3553 δὲ
866 3497 914 3552 διὰ
943 3503 1034 3569 μίσσυ
1053 3495 1213 3571 ἀδιάφορον
1232 3501 1280 3551 καὶ

169 3588 348 3651 σπονδείους,
369 3582 488 3656 ἰάμβους
507 3587 601 3638 τεκαὶ
621 3581 777 3642 δακτύλους.

258 3687 271 3740 1
291 3685 389 3741 Totum
407 3683 458 3740 hoe
475 3683 593 3738 oholium
608 3700 661 3738 om.
682 3687 712 3737 Θ.
800 3683 817 3736 2
835 3686 886 3737 νῦν
904 3681 966 3737 ΑΙδ.
1056 3685 1074 3738 3
1093 3683 1126 3738 In
1143 3684 1216 3738 lunt.
1235 3684 1281 3752 ἔχε

169 3771 267 3843 σιμόν·
291 3771 415 3827 καλεῖται
435 3772 531 3827 δὲκαὶ
550 3769 743 3844 παροιμιακὸν
766 3769 815 3824 διὰ
837 3769 869 3824 τό
890 3768 996 3831 πολλὰς
1021 3777 1177 3841 παροιμίας
1192 3768 1280 3839 τούτῳ

170 3863 347 3926 πεποιῆσθαι
365 3865 404 3928 τῷ
420 3863 522 3931 μέτρῳ.
541 3855 647 3917 Ἄλλως.
685 3863 825 3929 παροιμία
842 3858 889 3911 ἐπὶ
906 3861 961 3932 τῶν
979 3857 1096 3927 ἀκριβῶς
1111 3855 1227 3910 εἰδότων
1243 3863 1279 3910 τί.

170 3949 217 3999 καὶ
236 3944 330 4000 πάντα
351 3948 401 4000 etc.
436 3945 523 4010 „illa,
551 3951 688 4018 παροιμία
708 3944 756 3996 ἰπὶ
771 3949 826 3996 τῶν
844 3944 964 4014 ἀκριβῶς
989 3940 1105 3996 εἰδότων
1123 3962 1165 4007 τι,
1197 3942 1282 4010 perti·

170 4048 233 4089 nere
253 4033 374 4101 suspicor
391 4032 469 4087 adv.
489 4032 541 4088 600
560 4031 615 4101 [eui
632 4032 780 4100 ascriptum
799 4029 887 4084 estin
903 4029 1004 4098 Regio,
1029 4027 1131 4082 additis
1155 4031 1229 4096 λέγει
1251 4031 1285 4082 δέ

172 4119 215 4173 ὅτι
234 4120 267 4172 οὐ
284 4116 323 4191 μή
341 4137 377 4190 με
396 4125 503 4177 πείσεις
521 4122 568 4171 καὶ
589 4117 638 4170 ἰὰν
656 4115 737 4191 δόξῃς
756 4116 896 4186 πείσειν],
921 4116 998 4186 quasi
1022 4115 1056 4170 ab
1074 4115 1109 4168 iis
1126 4115 1281 4183 proverbia-

170 4206 235 4261 liter
251 4205 379 4274 usurpari·
396 4215 502 4260 monere
520 4204 664 4268 voluisset,
683 4203 729 4274 qui
747 4204 780 4259 de
798 4202 913 4258 veritate
933 4203 1050 4258 cuiusvis
1068 4201 1109 4255 rei
1125 4202 1248 4269 persuasi
1265 4218 1282 4256 a
1307 4203 1310 4211 '

172 4295 297 4364 suscepta
314 4293 398 4350 semel
413 4292 550 4349 sententia
568 4291 652 4348 nullis
663 4291 795 4347 machinis
807 4289 939 4346 dimoveri
950 4307 979 4346 se
991 4289 1159 4360 patiuntur.“
1176 4288 1283 4344 Hemst.
