2864 4846
162 196 214 253 122

160 361 298 444 appellet
320 359 382 441 „ui
405 358 741 448 (δι)πεν3ημιμερές,“
767 364 827 428 hoc
849 363 918 428 loco
942 363 989 429 sie
1011 364 1116 431 forsan
1138 366 1274 450 scripse-

160 465 218 530 rit:
253 464 291 531 τὸ
321 461 355 553 η’
383 464 437 531 καὶ
468 460 510 531 θ’
545 461 668 550 γίνεται
704 463 970 550 ε’γκιομιολομκὸν
1005 465 1187 558 συνημμένα
1226 465 1274 548 εἷς

160 567 457 658 διπενιλομιμερὲς]

247 677 317 741 Etsi
341 677 499 762 permulta
525 694 654 761 possum
684 676 793 742 afferre
825 678 856 742 et
882 676 975 743 huius
1007 678 1053 744 rei
1078 677 1221 762 exempla
1243 679 1275 743 et

161 780 296 846 aliorum
318 781 507 865 scriptorum
523 781 632 859 verba,
657 780 769 864 quibus
784 780 948 847 Heliodori
963 782 1001 848 lit
1014 781 1142 860 mentio,
1166 783 1274 848 tamen

161 904 199 951 ea
235 885 339 952 omnia
373 885 480 964 omisi,
519 904 597 969 quae
634 885 673 951 ad
711 903 779 951 rem
813 885 903 970 noha
939 887 1132 971 propositam
1170 886 1275 954 minus

162 989 277 1056 valent.

250 1094 355 1160 Unum
377 1094 509 1179 denique
531 1094 636 1160 locum
655 1093 752 1159 liceat
773 1111 1016 1159 commemorare
1036 1094 1070 1158 in
1092 1093 1192 1160 schol.
1208 1113 1275 1178 pac.

165 1206 238 1278 939,
258 1199 311 1284 qui
325 1219 389 1265 non
403 1199 539 1265 multum
553 1198 697 1283 proficiat
712 1197 977 1282 argumentando,
992 1199 1099 1263 tamen
1113 1199 1276 1264 mentione

164 1303 276 1388 dignus
298 1303 449 1370 uideatur.
493 1304 643 1387 leguntur
663 1302 747 1369 enim
767 1303 845 1367 haee
871 1303 984 1380 verba,
1013 1300 1131 1388 διπλῆ,
1157 1298 1275 1366 ἕπεται

161 1404 222 1491 γὰρ
252 1403 365 1489 μέλος,
403 1397 423 1472 ὃ
451 1401 582 1471 ὑπονοῶ
603 1404 673 1490 ’μὲν
699 1401 789 1486 ἔχειν.
834 1406 862 1471 si
891 1405 1086 1471 conferamus
1107 1405 1182 1472 huic
1206 1406 1276 1472 loeo

162 1513 261 1598 ipsius
283 1510 446 1577 Heliodori
476 1512 588 1590 verba,
630 1531 707 1593 quae
739 1512 863 1576 exstant
886 1512 919 1575 in
947 1509 1044 1576 sohel.
1072 1517 1275 1595 vesp.1271‚

166 1613 324 1693 πολλάκις
351 1607 462 1694 εἶπον,
499 1612 549 1681 ὅτι
578 1609 815 1699 ὑπολαμβάνω,
852 1615 951 1680 facile
974 1615 1137 1700 appareb‘t
1166 1615 1277 1681 stilla

164 1721 261 1788 uerba
289 1720 413 1786 anullo
443 1721 506 1786 alio
534 1720 662 1786 auctore
693 1720 833 1804 profecta
854 1739 931 1801 esse.
977 1719 1061 1784 Nam
1084 1719 1187 1803 prima
1205 1737 1276 1802 per·

165 1845 257 1904 sona,
280 1844 358 1908 quae
377 1843 531 1907 nusquam
546 1824 636 1891 nobis
652 1825 789 1890 occurrit
803 1825 836 1889 in
852 1823 979 1890 scholiis
995 1823 1179 1889 recentioris
1194 1824 1276 1889 tenr-

164 1931 264 2012 poris‚
303 1930 427 1995 nonnisi
456 1930 495 1995 ab
517 1948 552 1995 eo
581 1931 725 2013 usurpari
755 1929 853 2008 solet,
892 1929 946 2011 qui
974 1947 1068 2011 quam
1098 1927 1190 1993 docet
1211 1927 1277 1992 eius

166 2033 243 2099 artis
270 2053 303 2099 se
324 2033 460 2116 peritum
488 2052 556 2099 esse
585 2033 731 2099 confidat.
774 2032 980 2098 Heliodorum
1010 2032 1116 2096 autem
1138 2030 1277 2117 diseiph-

166 2157 224 2204 nae
245 2139 394 2204 metricae
417 2138 592 2207 antistitem
618 2138 755 2222 primum
778 2139 810 2203 et
832 2138 935 2202 solum
954 2137 1068 2215 fuisse,
1098 2154 1161 2201 non
1185 2136 1277 2202 modo

166 2244 262 2310 verba
282 2243 338 2308 illa
351 2243 446 2308 Marii
460 2242 629 2321 Victorini,
653 2242 819 2310 sedetiam
838 2241 971 2307 aliorum
987 2241 1167 2307 testimonia
1189 2242 1278 2306 lucu-

165 2346 267 2412 lenter
289 2348 513 2413 demonstrant.

253 2450 371 2531 Quibus
393 2452 540 2536 expositis
563 2451 591 2516 si
613 2453 753 2529 constat,
784 2453 893 2516 vetera
915 2449 1033 2516 scholia
1063 2449 1101 2514 ad
1126 2449 1277 2516 Heliodo-

166 2577 236 2621 rum
263 2575 331 2622 esse
362 2555 540 2634 referenda,
573 2558 682 2622 tamen
714 2556 850 2638 apparet
885 2573 921 2619 ex
948 2554 1054 2620 uerbis
1081 2553 1162 2632 illis,
1200 2573 1278 2638 quae

166 2663 291 2728 exstant
310 2662 344 2726 in
366 2661 427 2725 fine
446 2662 519 2726 nub.
543 2661 575 2726 et
596 2660 684 2742 pacis
712 2708 729 2738 ‚‚
738 2655 929 2723 κεκύλισται
950 2656 1035 2743 πρὸς
1055 2654 1096 2721 τὰ
1112 2650 1277 2722 Ἡλιοδώ-

166 2771 257 2850 ρου,“
294 2785 356 2830 non
386 2767 491 2850 ipsum
516 2763 724 2830 Heliodorum
752 2762 969 2829 annotationes
1005 2781 1078 2829 suas
1111 2762 1145 2826 in
1172 2761 1279 2826 codice

167 2869 376 2955 adscripsisse.
429 2870 539 2935 eontra
576 2889 612 2935 ea
650 2866 856 2933 Schneiderus
897 2867 982 2930 recte
1016 2865 1191 2950 suspicatus
1223 2865 1279 2943 est,

165 2994 238 3040 eum
268 2968 486 3058 κωλομετρίαν
512 2965 783 3060 ,Ἀριστοφάνειον
819 2971 1000 3037 continuam
1030 2990 1066 3036 ac
1095 2970 1279 3055 perpetuam

166 3079 385 3161 composuisse.
431 3097 526 3163 quarn
562 3078 601 3143 ad
638 3097 704 3143 rem
735 3074 998 3158 comprobandam
1029 3075 1119 3141 affert
1153 3093 1280 3139 causam

167 3183 301 3249 maxime
330 3181 472 3260 inanem,
506 3202 579 3248 nam
599 3181 693 3260 talia,
725 3173 770 3257 ὡς
791 3173 940 3260 εἴπομεν,
970 3173 1014 3254 ὡς
1033 3173 1173 3264 εἴρηται,
1207 3197 1281 3242 eum

167 3288 200 3352 in
222 3286 380 3353 veteribus
412 3287 538 3351 scholiis
568 3286 620 3352 uix
648 3285 864 3361 inveniantur,
899 3283 933 3346 in
961 3282 1188 3348 recentioribus
1216 3282 1280 3348 fre·

100 3469 102 3473 v
167 3391 374 3476 quentissima
397 3392 478 3455 sunt.
523 3392 556 3455 at
578 3409 686 3456 veram
706 3379 781 3454 ¹esse
809 3389 891 3453 hano
914 3387 1104 3452 sententiam
1128 3385 1207 3452 aliae
1231 3389 1288 3452 res'

167 3495 354 3581 gravissimo
399 3496 472 3561 sunt
509 3494 698 3560 testimonio.
756 3512 827 3558 curn
867 3491 1057 3557 recentiores
1093 3490 1280 3556 scholiastae

165 3603 199 3668 in
227 3619 412 3685 unoquoque
442 3595 560 3666 scholio
586 3617 699 3664 novam
732 3596 895 3681 periodum
932 3595 1097 3661 metricam
1126 3594 1280 3677 interpre-

166 3705 229 3770 tari
258 3703 381 3770 soleant
414 3704 465 3786 (cf.
488 3703 584 3768 schol.
616 3706 695 3781 au),
732 3702 766 3767 in
796 3701 939 3766 veterum
967 3697 1157 3763 scholiorum
1181 3697 1281 3762 initiis

166 3827 315 3894 persaepe
352 3808 430 3873 talia
458 3808 623 3891 leguntur,
658 3801 691 3869 ἐν
727 3801 859 3870 ἐκθέσει
898 3796 1095 3886 μονόμετρον
1124 3795 1277 3883 ἰαμβικὸν

168 3913 259 3994 (Aah.
275 3916 371 3989 407),
406 3907 439 3975 ἐν
463 3905 609 3974 εἶσθέσει
633 3903 780 3992 lupuliani
803 3903 967 3992 τρίμετροι
991 3909 1159 3992 eq.1335;
1196 3903 1280 3969 unde

170 4017 315 4100 apparet,
344 4015 403 4079 hoc
426 4014 582 4080 scholium
605 4034 677 4080 cum
700 4032 753 4093 eo,
786 4012 868 4097 quod
889 4010 1050 4095 praecedit
1078 4007 1282 4074 coniunctum

167 4121 280 4198 fuisse,
319 4138 392 4183 eum
432 4119 584 4185 voeabula
622 4112 771 4194 εἷ’σθεσις
807 4117 839 4182 et
874 4110 1008 4189 ἔκθεσις
1043 4111 1127 4179 omni
1151 4113 1281 4177 careant

169 4243 279 4302 sensu,
305 4222 367 4289 nisi
388 4224 427 4288 ad
443 4223 541 4289 alium
562 4223 696 4290 aliorum
711 4222 858 4290 v'ersuum
872 4220 968 4287 situm
982 4218 1074 4284 antea
1089 4233 1280 4284 commemo·
