2864 4846
164 228 200 284 22
406 257 409 262 ·
579 223 687 280 Scholia
708 224 737 280 in
756 239 861 296 vespas.

164 375 258 461 λάκις
292 375 403 465 εἶπον,
438 377 490 448 ὅτι
521 377 744 467 ὑπολαμβάνω
777 380 812 448 ἐν
846 387 918 462 τοῖς
952 377 1096 472 πρώτοις
1128 378 1279 469 ἀντιγρά-

165 511 243 577 φοις
271 483 460 575 φθαρέντα,
491 483 543 556 ὅτι
569 485 627 572 μὲν
647 494 789 554 τοσαῐπα
818 479 857 576 ἦν
877 486 934 553 τὸν
962 484 1106 574 ἀριθμὸν
1128 492 1279 576 γνωσθῆ-

164 615 230 673 ναι,
254 582 292 657 οὗ
313 589 376 680 μὴν
396 587 478 660 τίνα.
509 590 608 658 Μετὰ
622 589 660 660 τὸ
676 590 850 677 διάλειμμα
869 589 904 660 ἐν
918 594 1055 672 πολλοῖς
1075 591 1279 682 φέρονται

165 690 305 777 στίχοι
327 695 599 784 (παιωνικολ)
622 691 725 763 ἑπτὰ
748 694 818 762 καὶ
848 692 1136 783 τετράμετρον
1161 698 1280 784 (τρο-

162 793 344 886 χαῖκόν),
381 791 431 865 ὦν
469 798 487 867 ό
524 807 619 880 νοῦς
656 792 701 866 οό
731 803 950 887 προσπίπτει.
976 796 1197 890 ,Ἡλιόδωρος
1236 839 1277 848 -

166 902 277 990 [Μετὰ
297 901 353 970 τὸν
378 900 487 986 στίχον
509 903 566 970 τὸν
593 906 825 991 γλωττοποιεῖν
848 901 896 984 εἷς
926 904 968 971 τά
997 904 1121 993 πορνεῖ’
1146 897 1277 984 ambr&

165 1003 346 1076 ἑκάστατιίλ
380 1004 446 1074 εἶσὶ
480 1003 580 1075 τόποι
609 1003 705 1091 ἑπτά,
726 1006 853 1091 ἐγοντες
875 1008 1013 1096 στιγμάς
1043 1006 1152 1094 [καὶ]
1184 999 1280 1074 άλό-

63 1122 68 1139 ‘
165 1115 263 1198 γοος.]
288 1152 329 1160 -
352 1113 391 1178 V.

255 1215 377 1285 Deinde
396 1217 576 1304 fragmenta
599 1220 723 1286 exstant
742 1223 776 1285 in
798 1219 895 1286 schol.
910 1239 959 1286 av.
977 1224 1061 1284 1058
1077 1209 1280 1284 Εὶώθασι-

72 1313 82 1329 ’
166 1318 336 1411 πεποίηκε.
382 1329 464 1389 1731
495 1320 588 1410 τριὰς
615 1317 772 1411 ἒπφδική.
817 1324 902 1390 ΡΙαλ.
933 1330 995 1390 302
1019 1323 1100 1389 -inde
1129 1342 1148 1389 a
1174 1322 1281 1390 verbis

165 1421 184 1495 ὁ
207 1424 352 1515 όαῖτερος
369 1423 584 1513 τετράμετρος
596 1465 637 1474 -
659 1421 678 1494 ὁ
699 1425 736 1493 δὲ
757 1425 897 1512 ἕβδομος
919 1423 1068 1514 δι’μετρος
1088 1425 1280 1514 καταληπτι-

167 1529 240 1613 κός,
264 1539 327 1598 322
344 1527 486 1618 κορωνίς.
508 1534 587 1600 Ran.
605 1540 681 1613 316,
706 1538 786 1616 384,
802 1571 844 1580 —
861 1532 975 1599 desunt
989 1533 1023 1598 in
1038 1532 1135 1598 schol.
1151 1531 1280 1617 Lysistr.

167 1635 288 1704 Εαολοο.
310 1639 343 1704 et
364 1638 588 1723 Thesmophor.
1062 1632 1066 1642 ’

165 1868 258 1938 τρίτον
275 1861 383 1936 ὁμόσον
403 1868 578 1938 προςπίπνει.
613 1837 796 1932 Ἡλιόόωρος,
825 1862 895 1935 μετὰ
913 1861 964 1919 τόν
985 1867 1083 1933 στίχον
1102 1861 1151 1945 Ιτὸν
1167 1864 1280 1932 ,,γλωτ-

167 1955 295 2005 τοποιεῖν
320 1952 360 2017 εἰς
384 1947 418 2002 τὰ
443 1949 557 2022 πορνεῖ’
586 1947 700 2010 εἰπόνθ’
728 1947 882 2003 ἑνόσνοτε“
900 1953 956 2003 εἰσὶ
973 1947 1057 2002 τόποι
1081 1945 1150 2002 ἑπτὰ
1169 1949 1280 2018 ἔχοντες

167 2031 302 2108 στιγμάς,
332 2038 378 2089 καὶ
410 2033 531 2104 ἀλόγως,
565 2025 611 2089 ὧν.
631 2036 661 2089 ἐκ
686 2041 839 2109 προχείρου
863 2036 916 2105 μὲν
942 2033 1035 2108 εὑρεῖν
1054 2034 1105 2091 τόν
1124 2032 1211 2106 λόγον
1228 2034 1280 2087 οὐκ

167 2121 240 2187 ἔστι,
269 2122 303 2175 τὰ
326 2122 357 2177 δὲ
375 2125 490 2176 τοιαῦτα
508 2119 646 2182 πολλάκις
673 2122 769 2186 εἶπον,
798 2118 843 2175 ότι
869 2119 1061 2192 ὑπολαμβάνω
1080 2122 1109 2175 ἓν
1127 2126 1187 2180 τοῖς
1206 2116 1280 2194 προῖ-

167 2228 228 2268 τοις
253 2207 436 2285 ἀντιγράφοις
460 2212 616 2281 φθαρέντα,
647 2207 761 2280 ὅτιμὲν
786 2207 906 2261 τοσαῦτα
930 2207 965 2275 ἦν
991 2206 1043 2264 τόν
1067 2204 1192 2283 ἀριθμὸν
1207 2225 1280 2278 γνω-

170 2302 292 2365 σθῆναι,
310 2297 343 2350 οὐ
360 2294 420 2368 μὴν
439 2302 501 2350 τίνα
518 2295 590 2361 cod„
609 2296 681 2366 quod
696 2295 830 2367 Bergkius
849 2294 1009 2352 emendavit.
