2864 4846
1238 201 1273 256 99

162 356 247 422 bus¹
268 375 395 442 prorsus
418 357 565 421 abhorret
587 357 626 422 ab
648 356 742 421 huius
758 355 893 421 auctoris
911 357 1150 437 consuetudine,
1172 378 1271 442 neque

161 480 296 544 usquam
325 461 405 544 signi
437 480 550 526 nomen
580 462 666 529 velut
695 460 850 548 ,,διπλῆ“
878 460 1055 556 aliudesse
1085 461 1190 546 pote'st
1211 464 1273 529 nisi

91 587 94 596 ⁴
162 562 198 628 τὸ
223 567 354 651 σημεῖον
375 568 432 651 τῆς
450 564 585 651 διπλῆς,
610 564 820 647 quodomnia
842 562 962 630 scholia
982 563 1150 633 testantur.
1183 568 1272 633 simi-
1332 566 1336 572 ’
1424 587 1429 595 ·

160 668 234 733 liter
254 665 390 754 κορωνὶς
412 668 597 734 vocabulum
620 689 776 752 nusquam
799 670 956 753 significat
976 671 1140 754 periodum
1162 672 1272 737 metri-

163 793 246 851 cam,
281 793 356 839 nam
389 792 452 838 non
473 775 510 838 ut
538 773 620 858 apud
650 775 771 839 ceteros
801 775 986 839 scholiastas
1009 775 1049 840 ab
1072 794 1108 841 eo
1131 763 1273 843 videmus

162 874 338 960 genitivum
368 896 553 960 suspensum
576 876 676 957 ,velut
714 874 851 961 κορωνὶς
885 871 1051 943 εἰσιόντων
1079 874 1271 966 ὑποκριτῶν,

163 983 217 1047 sed
250 982 364 1066 ubique
397 975 549 1066 κοριονίς·
586 976 637 1045 ὅτι
675 976 798 1046 εἰσίασι
824 981 881 1048 ’καλ
913 1032 931 1062 „
939 977 1061 1047 εἰσίασι
1086 981 1180 1071 νὰρ“,
1219 987 1274 1050 aut

162 1082 309 1170 κορωνίς·
339 1081 501 1149 εἰσιόντων
521 1088 584 1148 τῶν
607 1080 791 1170 ὑποκριτῶν
815 1081 832 1149 d
852 1083 948 1173 χορὸς
963 1082 1064 1175 μένει.
1088 1127 1092 1134 ·

249 1224 281 1306 3)
312 1223 453 1306 Denique
480 1242 607 1288 carmen
634 1222 795 1288 choricnm
822 1242 884 1288 non
913 1226 950 1288 ut
977 1224 1060 1306 apud
1085 1226 1272 1293 scholiastas

162 1328 343 1393 recentioris
365 1329 516 1410 temporis
538 1328 590 1409 (cf.
607 1328 704 1392 schol.
720 1328 782 1411 av.)
811 1327 988 1412 appellatur
1011 1322 1160 1407 είοθεοις
1177 1334 1274 1419 χοροῦ

161 1429 273 1513 μέλος,
298 1432 325 1496 si
346 1433 549 1515 responsione
572 1434 672 1510 caret,
695 1434 751 1496 aut
775 1431 802 1496 si
822 1433 962 1515 sequitur
984 1432 1178 1517 aliquantulo
1201 1438 1272 1518 post

162 1537 375 1618 antistrophe,
412 1529 561 1612 εἴσθεσις
586 1538 685 1617 χοροῦ
716 1532 832 1616 μέλους
865 1538 1007 1622 στροφῆς
1031 1532 1125 1620 λόγον
1149 1534 1274 1620 theona,

163 1643 218 1705 aut
246 1640 272 1704 si
300 1641 445 1706 cohaeret
477 1641 603 1724 strophe
627 1659 701 1705 cum
723 1641 931 1723 antistrophe,
968 1635 987 1726 ἡ
1014 1640 1139 1730 στροφὴ
1170 1633 1297 1775 (adridat

162 1745 270 1809 sedin
295 1745 438 1809 omnibus
466 1745 559 1809 rebus
585 1746 677 1809 tanta
706 1744 895 1826 conspicitur
924 1745 1007 1810 inter
1030 1747 1273 1839 antiquayscho·

161 1849 205 1914 lia
220 1851 259 1914 st
283 1851 387 1914 cetera
408 1848 590 1914 recentioris
613 1850 763 1931 temporis
787 1849 970 1929 diversitas,
990 1853 1026 1914 ut
1048 1870 1140 1917 nemo
1164 1852 1274 1919 eadem

163 1954 201 2017 ab
229 1973 292 2018 uno
323 1955 416 2034 atquc
446 1951 555 2017 eodem
584 1955 711 2018 auctore
742 1953 884 2038 profecta
906 1973 973 2020 esse
1001 1957 1179 2022 contendat.
1223 1957 1294 2023 his

161 2058 341 2142 praemissis
368 2058 431 2122 iam
460 2058 512 2122 via
544 2057 668 2123 munita
697 2059 752 2124 est.
794 2058 914 2141 placuit
945 2061 1068 2140 autem,
1105 2064 1274 2145 antequam

162 2161 200 2226 de
220 2162 342 2227 dicendi
364 2162 495 2227 rationis
518 2165 550 2227 et
572 2162 669 2227 totius
689 2163 734 2228 rei
751 2164 901 2228 metricae
918 2183 1039 2230 summo
1055 2166 1138 2231 inter
1154 2166 1274 2233 scholia

1303 926 1308 944 Ι

1338 1251 1379 1293 2(

162 2268 289 2350 antiqua
325 2286 478 2333 consensu
515 2265 665 2332 disserere
696 2267 861 2351 incipiam,
894 2269 981 2351 prius
1017 2269 1055 2333 de
1083 2271 1274 2353 explicandis
1353 2338 1355 2342 ,

161 2371 289 2437 vocibus
312 2369 498 2453 quibusdam
521 2370 683 2436 exordium
704 2391 834 2436 sumere.
880 2372 1000 2437 scholia
1020 2372 1128 2439 a'utem
1149 2376 1271 2460 Byzan-

161 2476 228 2540 tina
248 2474 534 2560 peruestigantibus
549 2495 697 2560 persaepe
719 2477 810 2541 nobis
826 2479 1031 2541 occurrerunt
1045 2478 1141 2558 talia,
1162 2473 1271 2544 εἴοθε-

160 2598 212 2654 σις
241 2583 298 2642 τοῦ
330 2572 507 2664 δράματος,
546 2572 689 2656 ἔκθεσις.
715 2580 772 2642 τοῦ
807 2572 990 2664 δράματος,
1031 2572 1180 2661 εἴσθεσις
1214 2587 1272 2670 τῆς

161 2680 286 2769 διπλῆς.
333 2703 368 2748 ex
391 2684 440 2747 his
462 2683 539 2767 ipsis
560 2683 711 2766 exemplis
740 2683 832 2748 facile
864 2683 1045 2777 colligitur,¹
1075 2685 1272 2778 haocverba
1345 2749 1349 2755 .

161 2786 238 2850 nihil
261 2786 347 2851 aliud
370 2786 544 2870 significare
566 2787 628 2852 nisi
657 2787 784 2852 initium
807 2787 959 2853 dramatis
981 2790 1013 2853 et
1042 2790 1176 2869 exitum,
1206 2791 1270 2855 ini-

160 2890 241 2954 tium
263 2891 377 2973 diples,
399 2892 487 2973 (nam
508 2889 609 2976 διπλῆ
624 2884 784 2973 ἀμοιβαῖα
803 2911 866 2956 non
888 2893 936 2958 est
959 2893 1085 2984 sigrmm
1100 2893 1154 2958 sed
1169 2896 1271 2993 Q>-

131 3027 135 3033 ·
154 2993 235 3076 dus,
259 2995 297 3058 of.
322 3014 398 3078 quas
422 2993 522 3073 adieci
543 2994 689 3078 tabulas).
735 2995 888 3061 accedunt
922 2995 985 3062 aha
1014 2999 1155 3082 exempla
1184 3000 1272 3066 velut

161 3093 201 3164 ἓν
218 3096 350 3163 ἐκθέσει
380 3092 499 3162 τούτων
522 3098 568 3183 (in
599 3098 661 3163 fine
684 3102 830 3184 eorum),¹
851 3102 906 3165 aut
934 3100 968 3165 in
990 3102 1087 3167 schol.
1109 3123 1177 3186 pac.
1198 3111 1271 3183 301,

160 3190 328 3289 ἡέκθῖσῖς
348 3195 466 3288 ταύτης
486 3201 645 3289 (διπλῆς),
668 3205 723 3270 aut
743 3205 788 3288 (in
803 3206 901 3270 schol.
924 3225 971 3272 av.
989 3208 1067 3291 400)
1090 3203 1123 3271 ἒν
1138 3193 1289 3298 ἕνρξσειλ

160 3303 196 3370 δὲ
232 3307 333 3372 κῶλον
372 3299 540 3388 ἰαμβικόν,
586 3307 648 3372 alia
684 3309 777 3374 huius
818 3309 940 3394 generis
976 3310 1141 3396 permulta.
1193 3306 1288 3377 haec

249 3536 276 3605 1)
294 3534 335 3588 Of.
353 3535 426 3589 Plut.
447 3536 512 3599 253,
534 3540 660 3594 εἴσθεσις
680 3536 780 3602 διπλῆς
799 3535 948 3605 ἀμοιβαίας
965 3538 994 3590 et
1010 3538 1079 3602 302,
1097 3539 1209 3597 ἔκθεσις
1221 3543 1269 3605 τῆς

161 3623 262 3690 διπλῆς
280 3623 454 3694 (ιἰμοιβαίας)
474 3625 501 3676 et
523 3621 626 3677 scholii
638 3623 689 3678 253
708 3621 789 3677 verba
807 3620 887 3686 haec,
908 3626 1002 3679 ἰστέον
1020 3623 1077 3688 ὅτι,
1098 3619 1144 3676 ὅτε
1161 3629 1269 3690 τίθεται

104 3729 106 3733 ⁴
161 3707 192 3762 dv
216 3705 273 3767 τοῖς
297 3708 457 3779 ἀμοιβαίοις
480 3714 535 3764 τῶν
559 3707 715 3781 ἱποκριτῶν
739 3706 901 3776 προσώποις
926 3710 956 3763 ἐν
977 3711 1088 3763 ἐκθέσει
1111 3707 1185 3764 κῶλά
1209 3729 1271 3764 τινα

160 3792 229 3862 μετὰ
248 3792 298 3860 τὴν
315 3796 452 3867 περίοδον
471 3800 526 3850 τῶν
545 3800 650 3863 στίχων
668 3799 716 3847 τοῦ
741 3794 825 3846 αὐτοῦ
850 3798 954 3869 μέτρου
973 3794 1055 3860 ὄντα,
1081 3794 1098 3862 ἢ
1117 3799 1164 3848 καὶ
1180 3797 1270 3871 ἑτέρου

160 3876 362 3938 ὁτοιοῦτος
385 3879 641 3953 σχηματισμὸς
667 3881 839 3933 καλεῖται
865 3881 990 3947 διπλῆ,
1017 3879 1112 3934 διὰτὸ
1131 3881 1202 3951 μετὰ
1221 3881 1271 3949 τὴν

161 3956 364 4039 συμπλήρωσιν
381 3964 485 4020 τούτων
503 3964 533 4019 τὸ
553 3971 670 4036 σημεῖον
685 3964 761 4023 ἐκτὸς
778 3972 912 4018 τίθεσθαι
930 3970 976 4033 τῆς
995 3969 1094 4033 διπλῆς
1115 3997 1150 4006 -
1175 3967 1221 4020 ὅτε
1240 3969 1271 4021 δὲ

162 4052 196 4103 οὐ
213 4056 322 4105 τίθεται
339 4056 412 4106 κῶλα
437 4058 567 4118 τοιαῦτα,
598 4049 656 4105 ἀλλ’
676 4052 706 4104 ἓν
729 4045 770 4109 οἷς
787 4049 902 4124 ἤρξαντο
924 4057 1043 4123 στίχοις,
1073 4053 1103 4105 ἰν
1119 4052 1226 4111 τούτοις
1244 4056 1272 4105 οἱ

160 4136 309 4210 ὑποκριταὶ
328 4137 482 4203 παύονται,
502 4137 539 4191 τὸ
559 4141 704 4190 τοιοῦτο
725 4138 888 4190 καλεῖται
907 4144 1067 4205 κσρωνίς,
1087 4136 1134 4189 διὰ
1150 4136 1182 4190 τὸ
1199 4136 1270 4208 μετὰ

81 4225 87 4231 ’
122 4209 125 4214 ’
161 4221 210 4288 τῆν
227 4225 429 4299 συμπλήρωσιν
445 4222 552 4278 τούτων
569 4224 599 4277 τὸ
619 4230 736 4294 σημεῖον
755 4229 801 4290 τῆς
820 4226 976 4298 κορωνίδος
992 4230 1134 4279 τίθεσθαι.

1018 4310 1164 4380 7*.
