2864 4846
573 226 678 282 Scholia
695 228 724 280 in
742 226 853 296 equites.

249 393 442 450 322-334.
488 376 549 470 ἆρα
572 375 637 471 δῆτ’
659 379 715 450 οίκ
738 375 795 449 άπ>
819 383 939 471 άρχῆς;
968 381 1129 470 [Κορωνὶς
1155 380 1270 447 δὲκαὶ

158 483 308 565 είσθεσις
341 495 437 575 χοροῦ
469 486 651 576 προηιδικῆ,
696 485 750 552 διά
781 485 818 553 τὸ
858 481 909 551 άεὶ
947 484 1176 574 προτίθεσθαι
1212 494 1270 574 τῆς

159 591 292 680 διπλῆς,
314 589 348 657 ἐκ
369 585 480 656 κώλων
504 590 558 656 καί
581 587 698 671 στίχων
720 587 1031 677 πολυσχηματίστων
1046 588 1179 672 δώδεκα.
1207 581 1268 655 Ῑῶν

158 695 199 760 τά
224 699 339 782 πρῶτα
361 691 436 782 τρία
458 693 620 761 παιιονικά
649 690 783 779 δίμετρα
815 685 1039 784 άκατάληκτα,
1078 685 1268 759 δίκαλεῖται

99 846 100 849 ¹
159 798 292 887 κρητικὰ
313 795 486 886 δίρρυθμα.
509 796 547 863 τὸ
569 797 605 864 δὲ
621 792 656 862 δ’
674 796 842 884 τροχαϊκὸν
866 793 1104 886 ἑφθημιμερές,
1127 792 1268 863 δκαλεῖ-

159 927 215 969 ται
237 898 444 991 Εὐριπίδειον
467 898 664 990 ῆληκάθιον.
696 901 737 965 τὰ
759 899 796 966 δὲ
817 899 855 982 ε’,
881 896 924 981 ς’,
951 895 999 982 θ’,
1025 900 1050 964 ι’
1072 895 1269 989 τετράμετρα

159 1001 384 1095 καταληκτικά,
406 1005 447 1070 τά
464 1004 500 1071 δὲ
516 999 552 1086 ζ’,
574 1003 607 1093 η’
630 1004 804 1070 δακτυλικά
826 1003 1030 1090 τετράμετρα.
1053 1003 1094 1069 τά
1110 1003 1146 1070 δὲ
1162 1006 1269 1070 τελευ-

158 1116 236 1177 ταῖα
261 1107 317 1177 δύο
339 1107 475 1194 ίαμβικά
496 1103 691 1195 τετράμετρα
713 1102 946 1194 καταληκτικά,
978 1104 1076 1191 ὅμοια
1097 1111 1166 1186 τοῖς
1189 1103 1268 1196 ἑξῆς.

158 1214 217 1281 ἐπὶ
236 1220 285 1302 τῷ
304 1211 389 1279 τέλει
409 1207 563 1298 κορωνίς]

247 1339 443 1401 335-380.
489 1329 560 1416 [καί
581 1330 643 1418 μῆν
663 1325 819 1396 ἀκούσαθ’
844 1323 934 1408 οἷοςε
966 1325 1128 1408 Είσθεσις
1149 1332 1270 1419 διπλῆς

158 1428 335 1522 άμοιβαίας
362 1435 398 1501 ἐκ
428 1431 544 1516 στίχων
581 1430 739 1518 ἷαμβικῶν
773 1433 993 1522 τετραμέτρων
1029 1434 1269 1521 καταληκτικῶν

159 1535 222 1625 λδ.
250 1530 293 1606 ὧν
314 1541 495 1616 τελευταῖος

333 1661 365 1728 νῆ
384 1659 433 1716 τὸν
455 1660 601 1725 Ποσειδῶ,
623 1660 693 1730 κάμὲ
714 1657 768 1732 γάρ
786 1657 871 1730 ῆνπερ
891 1677 922 1727 γε
941 1663 1038 1711 τοῦτον
1057 1658 1140 1732 ἕλκης.

160 1761 219 1829 ἐπὶ
241 1767 287 1850 τῷ
308 1759 394 1828 τέλει
416 1762 517 1849 διπλῆ
541 1757 603 1840 ἔξω
624 1764 792 1826 νενευκυῖα.
831 1754 902 1848 ἑξῆς
934 1756 970 1824 δὲ
990 1756 1110 1824 τούτων
1132 1756 1270 1843 ίαμβικδι

159 1864 293 1953 δίμετρα
308 1862 522 1952 δικατάληκτα
544 1859 598 1944 ιε’,
627 1864 711 1953 πλῆν
735 1869 792 1929 τοῦ
815 1862 1051 1951 παρατελεάτου
1072 1862 1269 1949 μονομέτρου

159 1968 251 2048 ίίντος
280 1968 334 2034 καὶ
366 1974 422 2034 τοῦ
451 1965 632 2033 τελευταίου
664 1966 813 2055 διμέτρου
848 1969 1088 2055 καταληκτικοῆ.
1131 1965 1190 2032 ε’πί
1220 1972 1267 2053 τῷ

157 2070 241 2138 τέλει
268 2071 388 2159 ἳδιπλῆ
413 2068 474 2152 ἔξω
496 2074 681 2155 νενευκυῖα]

249 2199 444 2259 381-408.
495 2184 532 2279 ῆν
564 2187 627 2277 άρα
656 2185 758 2278 πυρός
784 2215 792 2257 :
832 2188 1002 2278 [Κορωνὶς
1036 2187 1090 2255 καί
1121 2187 1270 2268 είσθεοις

156 2303 249 2382 χοροῦ
271 2294 438 2384 προηνδικῆ
469 2292 506 2359 ἐκ
527 2289 639 2360 κοίλων
662 2297 849 2360 παιωνικῶν
878 2292 1137 2378 ἐπιμεμιγμένων
1159 2318 1268 2382 κρητι-

157 2402 229 2477 κοῖς
258 2392 353 2464 ἑπτά.
385 2389 427 2461 ὧν
451 2397 489 2463 τὸ
513 2403 641 2485 πρῶτον
668 2394 835 2483 τρίμετρον
867 2397 1087 2485 άκατάληκτον
1110 2393 1268 2484 καθαρόν,

156 2500 195 2569 τὸ
217 2499 363 2589 δεύτερον
392 2496 542 2588 δίμετρον
574 2493 795 2589 άκατάληκτον
823 2500 859 2566 ἐκ
886 2509 1044 2588 κρητικῶν
1072 2498 1143 2591 ῆτοι
1165 2495 1268 2591 άμφι-

156 2600 294 2692 μάκρων.
316 2604 353 2671 τὸ
378 2600 486 2691 τρίτον
508 2601 621 2687 ὅμοιον
648 2607 695 2690 τῷ
716 2599 837 2692 πρώτην
859 2602 895 2669 ἐκ
910 2611 1077 2692 κρητικιῦν.
1100 2604 1138 2671 τὸ
1153 2604 1269 2693 τέταρ-

156 2733 212 2774 τον
236 2707 358 2793 ὅμοιον.
387 2706 425 2772 τὸ
450 2705 603 2790 πέμπτον
623 2704 736 2789 ὅμοιον
756 2713 802 2794 τῷ
826 2706 964 2795 δευτέρῳ
989 2706 1025 2773 ἐκ
1047 2712 1191 2786 παιῶνος
1213 2707 1268 2774 καὶ

156 2815 320 2900 κρητικοῦ,
358 2807 402 2888 ὡς
428 2808 483 2875 καί
510 2808 552 2874 τά
581 2805 654 2898 ἑξῆς
681 2803 746 2876 δίο.
792 2809 826 2876 ἐν
858 2809 990 2876 ἐκθέσει
1020 2810 1056 2877 δὲ
1086 2809 1191 2894 στίχοι
1211 2811 1268 2878 δύο
1331 2839 1334 2850 ·

156 2912 323 3000 τροχαϊκοί
344 2908 551 3001 τετράμετροι
580 2911 825 3002 καταληκτικοί.’
856 2912 915 2980 ἐπὶ
936 2920 984 3001 τῷ
1015 2912 1099 2981 τέλει
1123 2915 1267 3002 κορωνίς.

157 3013 228 3104 ἑξῆς
249 3014 285 3082 δὲ
307 3013 452 3105 σύστημα
473 3015 555 3083 κατὰ
578 3017 757 3106 περικοπὴν
779 3015 894 3099 στίχων
917 3008 1038 3101 ὁμοίων
1060 3018 1102 3098 ἑξ.
1132 3020 1173 3084 τά
1196 3016 1268 3106 ἑξῆς

156 3116 231 3206 τρία
253 3120 341 3184 κιῦλα
363 3124 420 3185 τοῦ
440 3123 537 3205 χοροί
561 3120 722 3207 τροχαϊκά.
750 3113 793 3186 ὧν
809 3120 851 3186 τά
872 3119 931 3204 μὲν
952 3119 1008 3186 δύο
1029 3119 1165 3211 δίμετρα
1186 3114 1268 3187 άκα-

65 3289 67 3293 ,
155 3219 310 3310 τάληκτα,
334 3220 371 3287 τὸ
394 3220 452 3305 μὲν
474 3223 555 3288 κατά
579 3222 636 3311 τῆν
659 3218 826 3312 τετάρτην,
857 3223 951 3290 τὸδὲ
973 3225 1054 3290 κατά
1079 3225 1136 3313 τῆν
1158 3222 1267 3312 τρίτην

156 3320 275 3408 ἴαμβον
298 3321 418 3406 ἔχοντα.
455 3325 493 3394 τὸ
514 3325 550 3393 δὲ
569 3325 679 3412 τρίτον
701 3327 935 3416 καταληκτικδν
964 3324 1197 3416 ἑφθημιμερές.
1235 3323 1267 3392 οὶ

154 3423 225 3516 ἑξῆς
247 3424 369 3494 τούτων
392 3424 447 3495 δύο
472 3426 576 3511 στίχοι
598 3430 765 3518 τροχαϊκοί
790 3429 996 3520 τετράμετροι
1027 3427 1267 3514 καταληκτικοί.

154 3537 219 3597 τῶν
241 3530 277 3598 δὲ
300 3528 373 3621 ἑξῆς
404 3540 460 3599 τοῦ
487 3538 584 3621 χοροῦ
606 3534 636 3599 ε’
658 3533 770 3599 κοίλων
798 3534 838 3599 τά
864 3533 922 3617 μὲν
944 3529 990 3616 α’,
1023 3530 1061 3619 β’
1092 3532 1265 3601 δακτυλικά

154 3631 365 3724 τετράμετρα,
395 3635 435 3701 τὰ
457 3634 494 3701 δὲ
516 3631 560 3721 χ’,
583 3631 612 3714 ε’
634 3636 787 3722 τροχαϊκδι
814 3637 1012 3726 τετράμετρα
1042 3634 1263 3725 καταληκτικά.

153 3735 190 3805 τδ
212 3737 248 3804 δὲ
268 3738 422 3827 τέταρτον
445 3737 599 3825 ἰαμβικὸν
622 3737 772 3825 δίμετρον
795 3733 1024 3829 άκατάληκτον.
1046 3740 1084 3807 τὸ
1104 3736 1131 3806 ε’
1153 3739 1265 3823 ὅμοιον

241 3973 255 4024 1
280 3968 402 4038 Apparet
429 3968 601 4023 scholiastam
629 3969 652 4022 si
681 3969 769 4022 minus
788 3968 881 4034 verbe,
913 3972 942 4023 et
967 3974 1038 4024 certe
1068 3969 1264 4036 interpreeandi

152 4055 285 4111 rationem
306 4071 426 4110 servasse
444 4055 595 4117 Heliederi‚
626 4054 814 4124 aneistrophen
837 4072 885 4109 sue
906 4055 994 4110 Marte
1019 4059 1047 4110 et
1071 4055 1162 4123 inepte
1178 4054 1262 4122 expli-

154 4144 266 4196 calibem.
297 4142 340 4212 (cf.
353 4141 425 4210 381.)
521 4140 730 4194 2Scribendum
754 4140 804 4193 δύο
823 4137 924 4193 διπλαῖ
939 4144 989 4203 ἔξω
1008 4148 1175 4204 venemur,
1195 4157 1263 4210 quae

152 4227 183 4283 in
200 4228 253 4285 fine
272 4231 406 4286 ἐκθέσεως
424 4232 470 4299 τῆς
486 4227 587 4293 διπλῆς
606 4226 800 4283 adscribuntur.
819 4226 852 4281 ef.
872 4228 932 4282 441.
1005 4241 1010 4258 ·
