2864 4846
550 260 554 272 “
593 255 699 311 Scholia
715 255 744 310 in
763 271 850 311 ranas.
1245 258 1279 311 63

261 422 455 481 251-256.
504 411 613 500 [[τουτλ
637 405 714 501 παρ’
736 410 848 497 ὑμεῖνε
873 409 921 476 Ἡ
939 403 1098 497 ἀμοιβαῖα
1125 409 1204 503 αδτη
1227 410 1280 481 έκ-

171 523 269 597 δεσις
297 523 361 584 τιῦν
390 521 493 604 μελῶν
521 516 608 606 τρισὶ
638 517 811 605 διαιρεῖται
841 511 1023 603 περιόδοις·
1059 515 1114 582 καί
1139 501 1204 584 εἶσὶ
1225 523 1283 608 τῆς

171 621 231 706 μὲν
257 618 391 712 πρώτης
412 617 567 709 περιόδου
592 622 680 687 κῶλα
702 621 814 687 πέντε·
838 612 880 686 ὧν
900 619 938 687 τὸ
960 619 1019 703 μέν
1040 627 1171 708 πρῶτον
1191 619 1282 706 δίμε-

172 753 247 814 τρον
271 719 491 816 όκατοίληκτον
515 725 663 813 καθαρὸν
685 720 849 810 ίαμβικόν.
884 724 922 790 τδ
945 722 1091 810 δεύτερον
1112 725 1282 813 τροχαῖκδν

172 828 321 920 δίμετρον
351 828 474 915 ὅμοιον.
518 830 557 897 τδ
579 827 687 916 τρίτον
706 828 820 914 ὅμοιον
845 835 902 895 τοῦ
935 827 1082 916 δευτέρου
1111 828 1281 919 τρίβραχυν

172 934 298 1017 ἔχοντος
330 933 351 1023 ἢ
379 939 514 1023 χορεῖον.
558 934 596 1000 τὸ
631 934 784 1022 τέταρτον
825 931 937 1018 ὅμοιον
971 929 1198 1022 ἑφθῆμιμερές.
1242 936 1281 1002 τδ

171 1040 351 1105 τελευταῖον
372 1040 495 1128 δῆλονῆ

261 1150 455 1210 257-262.
504 1138 678 1228 [[οίμώζετ),
699 1139 735 1208 οὗ
754 1141 813 1228 χοίρ
835 1165 894 1225 μοι
914 1139 1026 1223 μέλειε
1052 1146 1119 1230 Τῆς
1133 1141 1283 1230 δευτέρας

170 1241 326 1332 περιόδου
356 1245 396 1311 τὰ
428 1247 516 1311 κῶλα
550 1242 673 1329 ὁμοίως
706 1243 804 1311 πέντε
836 1249 907 1323 τοῖς
936 1240 1005 1311 δίνω
1037 1241 1115 1311 καθ’
1145 1245 1282 1313 ἕκαστον

171 1346 292 1434 ὁμοίιος
322 1346 451 1431 ἔχοντα,
489 1345 506 1416 ὁ
536 1347 646 1433 μέντοι
681 1354 813 1437 πρῶτος
846 1353 904 1414 τοῦ
930 1345 1040 1436 τρίτου
1070 1348 1173 1415 κοίλου
1201 1349 1284 1429 ποὺς

170 1449 342 1540 τριβραχός
366 1451 465 1540 gova]

261 1565 458 1623 263-268.
506 1553 572 1642 [[οδ
603 1555 779 1645 νικῆσετεε
819 1561 886 1645 Τῆς
922 1553 1031 1645 τρίτης
1060 1555 1214 1644 περιόδου
1242 1557 1284 1622 τὰ

173 1663 259 1726 κῶλα
282 1652 381 1726 όκτιό·
417 1653 462 1726 ὧν
482 1659 602 1744 τὰμὲν
625 1660 722 1727 πέντε
749 1658 847 1744 ὅμοια
869 1655 1000 1739 ποίντως
1019 1664 1088 1738 τοῖς
1110 1655 1176 1725 δίνω
1198 1659 1283 1748 πλῆν

172 1771 229 1830 τοῦ
259 1760 412 1848 τετάρτου
440 1765 496 1829 τὸν
523 1760 670 1852 δεύτερον
696 1759 786 1830 πόδα
813 1760 984 1851 τρίβραχυν
1009 1761 1143 1846 ἔχοντος,
1187 1767 1225 1829 τὸ
1248 1761 1285 1829 δὲ
1343 1751 1346 1756 ’

174 1865 267 1933 ἕκτον
298 1867 353 1933 καὶ
385 1864 499 1954 όχδοον
534 1865 671 1952 ἶαμβικδι
706 1863 861 1954 τρίμετρα
899 1859 1110 1957 ἆκατιίλῆκτα,
1143 1866 1193 1933 ’τδ
1223 1869 1285 1954 γὰρ

174 1969 313 2055 ἕβδομον
336 1972 440 2061 δῆλον.
472 1969 530 2038 ἐπὶ
554 1977 600 2058 τῷ
622 1970 707 2037 τέλει
729 1968 891 2059 κοριονίς.]]
979 1973 984 1982 ’

263 2082 460 2142 269-315.
497 2068 548 2162 [λῶ
564 2080 658 2158 παῦε,
682 2081 790 2141 παῦετ
814 2075 965 2163 Κορωνὶς
986 2069 1145 2161 οἷμοιβαία
1168 2071 1285 2142 εἰσιόν-

173 2202 238 2242 των
260 2184 324 2243 τῶν
346 2176 541 2268 ὑποκριτῶν.
561 2176 592 2245 οῖ
617 2178 653 2245 δὲ
675 2176 780 2262 στίχοι
810 2176 958 2265 ίαμβικοὶ
979 2178 1143 2268 τρίμετροι
1165 2172 1286 2245 ολκατοί-

174 2282 286 2370 ληκτοι
313 2283 401 2368 1μς’.
426 2275 468 2350 ὧν
486 2285 669 2362 τελευταῖος

387 2404 443 2458 ἀλλ’
464 2407 559 2480 ἠρεμεῖ
577 2403 731 2472 πτήξαντες
749 2403 965 2480 ἀκροασώμεθα.

175 2505 257 2588 μετὰ
275 2505 311 2573 δὲ
335 2507 391 2574 τόν
411 2502 472 2592 μβ’
497 2510 599 2573 κοῖλον
621 2504 773 2591 ἰαμβικὸν
797 2502 1017 2596 ἓφδῆμιμερὲς
1040 2505 1078 2573 τὸ
1099 2560 1118 2589 ,,
1127 2501 1218 2573 αὐλεῖ
1236 2532 1287 2587 τις

176 2605 310 2675 ἔνδον·“
337 2600 356 2676 δ
368 2611 450 2676 κατὰ
473 2609 725 2700 παρεπιχραφῆν
747 2633 830 2698 φασι
852 2615 1003 2677 κεῖσθαι·
1027 2607 1071 2691 ὡς
1085 2612 1139 2678 καὶ
1154 2609 1227 2700 ἑξῆς
1247 2614 1285 2678 τὸ

179 2765 197 2793 ,,
207 2712 351 2779 διαύλιον
373 2717 581 2799 προσαυλεῖ.“
611 2712 670 2779 ἐπὶ
691 2719 738 2801 τῷ
758 2713 842 2780 τέλει
866 2713 1028 2801 κορωνίς.]]

266 2826 461 2889 316-323.
509 2815 621 2900 ’Ἱακχε
649 2811 675 2884 α’
693 2814 832 2900 ’Ίακχεε
864 2815 931 2904 (Ἡ
949 2815 1096 2904 πάροδος
1122 2827 1180 2908 τῆς
1202 2812 1287 2910 ᾠδῆς

176 2917 297 2988 τούτων
320 2927 447 3006 μυστῶν
466 2929 563 3009 χοροῦ
586 2923 695 2987 κῶλων
717 2918 805 2988 ἐστίν
831 2915 1094 2988 ἂντισπαστικιδν
1117 2918 1174 2989 δύο
1195 2923 1287 3009 διμέ-

176 3051 260 3113 τρων
287 3024 603 3112 βραχυκαταλήκτων.
640 3020 713 3112 ἑξῆς
736 3025 772 3090 δὲ
794 3019 917 3092 τούτων
946 3021 1091 3115 σύστημα
1113 3020 1288 3112 οίμοιβαῖον

178 3126 214 3193 ἐκ
237 3123 362 3213 ἰάμβων
384 3128 562 3218 τριμέτρων
586 3122 815 3217 οἷκαταλῆκτων
837 3130 960 3214 πέντε.)
1007 3136 1010 3141 ’

266 3242 462 3301 324-353.
509 3226 629 3320 ῆἼακχ
653 3226 679 3297 ὦ
702 3233 953 3323 πολοτιμῆτοιςς
979 3230 1068 3323 Ὠιδῆ
1092 3233 1147 3300 καί
1163 3235 1288 3325 στροφὴ

178 3332 286 3402 κώλων
310 3333 375 3404 ιδ’·
414 3330 458 3403 ὧν
487 3336 678 3423 τὸπρῶτον
707 3328 961 3404 οίντισπαστικδν
990 3335 1140 3426 δίμετρον
1163 3335 1288 3404 ἄκατοί-

179 3441 306 3528 λῆκτον·
336 3433 524 3508 διολεῖται
548 3435 748 3506 Γλυκώνειον.
777 3441 815 3507 τδ
844 3437 986 3529 δεύτερον
1015 3440 1165 3530 δίμετρον
1189 3469 1288 3511 κατα-

179 3544 343 3632 λῆκτικόν,
376 3543 395 3635 ῆ
418 3543 454 3627 ἐξ
473 3540 698 3611 ἅντισποίστου
721 3543 775 3611 καὶ
796 3542 955 3629 βακχείου.
987 3545 1026 3612 τὸ
1048 3544 1154 3633 τρίτον
1176 3543 1289 3630 ὅμοιον

170 3644 382 3736 ’όποτεριμοῢν
410 3653 473 3714 τῶν
504 3648 536 3715 έν
560 3652 599 3737 τῆ
621 3644 764 3735 παρόδῳ.
800 3648 839 3715 τδ
864 3647 1017 3737 τέταρτον
1046 3648 1081 3714 ἐκ
1106 3646 1291 3736 διτροχαίου

179 3745 435 3819 ἅντισπαστικοῦ
457 3751 512 3818 καί
541 3749 708 3835 βακχεῖον,
735 3748 924 3835 Ἅλκαϊκόν,
956 3749 1054 3841 φασί,
1085 3747 1289 3836 καλούμενον.

146 3898 150 3906 ·
179 3851 217 3918 τὸ
238 3854 390 3937 πέμπτον
410 3848 547 3922 Ἰωνικδν
569 3852 719 3944 δίμετρον
740 3848 960 3945 οῖκατόληκτον
975 3850 1200 3940 ἀνακλώμενον
1214 3853 1290 3922 καθ’

694 3949 786 3980 )))

175 3952 401 4044 Ἡφαιστίωνα
432 3954 642 4043 καλούμενον,
682 3983 742 4024 αντ
781 3965 921 4026 Ιιονικῶν
949 3957 1081 4026 παίωνα
1100 3958 1209 4048 τρίτον
1235 3959 1291 4027 καὶ

181 4269 203 4322 R
237 4260 240 4269 Ι
269 4186 365 4257 1μς’.
382 4187 447 4255 Reg.
463 4186 526 4258 μξ’,
545 4186 617 4256 quod
634 4187 735 4242 recenti
753 4203 834 4241 manu
850 4189 929 4258 ἰαμη
942 4191 1087 4255 mutatum,
1106 4179 1210 4251 Diibn.;
1229 4188 1290 4241 fort.

205 4285 248 4339 eg·
266 4272 326 4341 κζ’·
454 4285 457 4295 ·
