2864 4846
216 270 251 326 92
633 272 741 329 Scholia
758 273 786 326 in
808 288 910 342 paoem.

194 427 422 515 ’κατάληκτοκ
458 425 500 492 τὰ
521 419 575 510 ιζ’,
603 426 636 493 κ’
659 419 898 494 ἀναπαιστικαί
919 423 1041 513 βάσεις.
1075 427 1114 496 τὸ
1139 426 1188 517 ιη’
1209 431 1326 495 δακτυ-

216 530 306 598 λικὸν
326 529 485 618 δι’μετρον.
506 531 544 598 τὸ
568 533 750 599 τελειταῖον
773 530 924 618 ἰαμβικὸν
949 530 1179 623 ἓφθημιμερές.
1206 531 1265 600 ε’πί
1280 539 1327 621 τῷ

215 633 301 702 τέλει
331 643 388 724 τῆς
416 635 475 720 μὲν
513 643 656 725 στροφῆς
693 632 926 728 παράγραφος,
963 645 1021 727 τῆς
1050 635 1082 706 δ’
1112 632 1327 728 ἀναστροφῆς

217 736 372 827 κορωνίς]
827 772 839 791 ·
1168 740 1172 748 ’

304 869 500 929 818-855.
544 859 588 941 ὡς
607 857 780 944 χαλεπόνε
812 860 990 953 (Κορωνίς
1030 861 1271 951 1προΐασιμίιρ
1295 861 1327 930 οὶ

215 962 398 1052 ὑποκριταί.
421 963 475 1031 καὶ
497 964 538 1031 τὰ
559 971 674 1052 πρῶτα
697 963 833 1051 ἰαμβικοὶ
855 965 1011 1056 τρίμετρα
1033 959 1240 1057 ἀκατάληκτα
1261 963 1325 1049 λς’.

217 1064 277 1135 ἒπί
296 1073 346 1156 τῷ
367 1066 452 1136 τέλει
473 1067 632 1158 κορωνίς.)

304 1198 367 1257 856
377 1231 418 1241 -
428 1199 502 1258 867.
546 1187 776 1274 εὐδαιμονικῶς
791 1216 799 1258 :
822 1190 970 1281 ῆΣτροφῆ
985 1188 1145 1277 ἀμοιβαῖα
1160 1186 1269 1258 κοίλων
1285 1186 1326 1274 ζ’.

216 1292 281 1376 ἔχει
302 1293 338 1360 δὲ
361 1294 416 1362 καὶ
438 1287 654 1384 ἀντιστροφὴν
676 1293 714 1360 τὸ
738 1289 783 1384 ,,ῆ
803 1294 940 1383 χρηστὸς
962 1290 1068 1385 ἀνῆρ.“
1102 1294 1159 1362 καὶ
1181 1293 1247 1363 εἰσί
1269 1302 1328 1362 τοῦ

214 1397 273 1482 μὲν
290 1401 387 1485 χοροῦ
407 1397 448 1464 τὰ
470 1400 557 1464 κῶλα
573 1390 696 1465 Ἰωνικὰ
718 1395 786 1466 ἀπὸ
810 1396 971 1482 μείζονος,
993 1398 1111 1483 τὰμὲν
1133 1398 1171 1485 β’
1192 1401 1327 1489 δι’μετρα

221 1497 460 1591 ’ἀκατάληκτα
484 1501 521 1568 τὸ
543 1501 579 1569 δὲ
601 1501 635 1588 y‘
657 1498 820 1591 ἡμιόλιον·
843 1500 861 1570 ὁ
884 1502 920 1569 δὲ
941 1506 1000 1570 τοῦ
1019 1500 1197 1591 ὑποκριτοῦ
1218 1501 1327 1586 στίχος

216 1602 367 1692 ἰαμβικὸς
386 1603 600 1694 τετράμετρος
622 1605 861 1696 καταληκτικός.
894 1606 950 1673 καί
972 1600 1071 1686 αὖθις
1092 1606 1133 1673 τὰ
1154 1614 1212 1675 τοῦ
1231 1610 1328 1695 χοροῦ

216 1709 290 1798 τρία
322 1715 393 1789 τοῖς
422 1704 489 1776 ἀνω
525 1709 659 1778 3κάτισα
687 1707 813 1790 κώλοις.
860 1708 911 1799 ὑφ’
939 1703 960 1776 ἃ
989 1707 1204 1802 παράηραφος
1230 1711 1327 1803 καίῆ

215 1811 280 1880 ἔσω
310 1816 430 1903 amm
463 1812 534 1902 ἑξῆς
556 1808 590 1881 δ’
619 1813 653 1881 ἐν
680 1813 827 1882 εἰσθέσει
857 1811 1003 1904 σύστημα
1033 1815 1116 1882 κατὰ
1141 1816 1327 1905 περικοπὴν

217 1916 335 2000 στίχων
372 1916 529 2004 ἰαμβικιῦν
570 1919 792 2008 τετραμέτρων
833 1923 1074 2009 καταληκτικιῦν
1100 1920 1139 1990 ε’.
1189 1914 1243 2010 ὑφ’
1274 1917 1328 2002 οὓς

216 2020 379 2112 κορωνίςῆ

304 2155 499 2214 868-908.
541 2143 592 2235 ῆῆ
610 2150 692 2225 παῖς
713 2144 860 2213 λέλουται
883 2171 891 2214 :
920 2145 1071 2234 Κορωνὶς
1093 2141 1187 2233 ἑτέρα
1208 2142 1327 2213 εἰσιόν-

216 2274 279 2316 των
300 2256 364 2316 τῶν
386 2248 567 2338 ὑποκριτῶν
590 2249 627 2331 ἐξ
648 2246 804 2336 ἰαμβείων
817 2246 888 2335 μα’.
912 2248 971 2316 ἐπὶ
991 2255 1037 2338 τῷ
1055 2249 1140 2317 τέλει
1164 2246 1325 2340 κορωνίςῆ]

307 2380 500 2440 909-921.
548 2369 707 2461 ῆχρηστὸς
732 2364 812 2461 ἀνῆρ
839 2403 845 2440 :
881 2371 963 2439 ’1δού
993 2370 1012 2461 ἡ
1041 2365 1239 2460 ἀντι-στροφὴ
1271 2380 1328 2461 τῆς

217 2473 502 2561 ,,εὐδαιμονικῶς“
533 2481 690 2565 στροφῆς,
720 2474 803 2543 ἀλλα
820 2502 855 2543 τε
876 2474 939 2543 ὅσα
966 2474 1069 2563 ἐκείνη
1095 2475 1152 2543 καί
1181 2475 1219 2542 τὸ
1243 2475 1327 2543 κατὰ

218 2582 403 2670 περικοπὴν
420 2578 537 2662 ἔχουσα
560 2576 715 2669 σύστημα.
760 2578 819 2647 ε’πί
845 2587 891 2668 τῷ
912 2578 997 2646 τέλει
1026 2576 1060 2645 αἱ
1090 2572 1328 2669 ἀμφοτέρωθεν

217 2681 280 2765 ἔξω
302 2686 420 2752 διπλαῖ
440 2691 497 2774 τῆς
526 2677 743 2774 ἀναστροφῆς
750 2707 757 2722 ’
790 2685 831 2750 τά
861 2683 921 2771 ηάρ
948 2682 1145 2773 τετράμετρα
1164 2691 1229 2750 τῶν
1251 2682 1326 2768 ἰαμ-

216 2786 314 2873 βείων
334 2785 541 2878 παραηράφφ
564 2791 791 2878 περατοῑταιῆ]

307 2920 503 2978 922—942.
551 2906 634 2997 ῆίίγε
657 2908 695 2999 δῆ
715 2908 748 2976 τί
769 2913 853 2998 νηῖντ
880 2911 1029 2996 Κορωνὶς
1052 2905 1145 2996 ἑτέρα
1167 2905 1265 2993 ὁμοία
1286 2915 1328 2996 τῇ

216 3012 369 3102 ῥηθείσῃ,
407 3008 446 3103 ἧς
468 3010 499 3080 οἳ
525 3012 582 3098 μὲν
605 3008 650 3096 ιζ’
675 3010 780 3097 στίχοι
806 3011 956 3098 ἰαμβικοί
982 3010 1146 3102 τρίμετροι
1168 3009 1328 3101 ἀκατάλη-

217 3142 298 3184 κτοι.
323 3115 341 3184 ὁ
364 3115 410 3208 ιη’
431 3116 545 3203 ὅμοιος
570 3112 782 3205 τετράμετρος
813 3112 1055 3204 καταληκτικός.
1097 3117 1138 3182 τὰ
1170 3112 1243 3205 ἑξῆς
1271 3115 1328 3183 δύο

217 3225 306 3289 κῶλα
326 3218 547 3290 ἀναπαιστικὰ
567 3219 711 3308 ὄίμετρα.
756 3212 801 3287 ὧν
820 3220 858 3289 τὸ
879 3218 939 3306 μὲν
961 3215 1197 3310 ἀκατάληκτον,
1231 3220 1269 3286 τὸ
1293 3214 1327 3286 δ’

217 3323 263 3395 οἰ.
285 3324 303 3392 ὁ
324 3329 506 3413 τελευταῖος
529 3324 683 3412 ἰαμβικὸς
711 3321 922 3415 τετράμετρος
947 3317 1177 3414 ἀκατάληκτος.
1217 3320 1269 3413 ὑφ’
1292 3315 1328 3391 ὃν

219 3427 378 3519 κορωνίςῆ]

308 3543 1062 3603 943-...............

381 3665 526 3724 --1038.
570 3653 747 3743 ε’πείγετεε
787 3654 891 3742 ῆΤοί4
922 3633 1056 3722 τοιαίτα
1085 3649 1156 3742 εἴδη
1183 3656 1329 3720 καλεῖται

218 3756 467 3850 ἀλλοιόστροφα.
491 3759 554 3828 εἰσί
576 3767 652 3848 γοῦν
674 3765 732 3850 τῆς
753 3758 813 3844 μὲν
835 3758 965 3848 πρώτης
988 3764 1132 3847 στροφῆς
1146 3759 1235 3825 κῶλα
1250 3754 1328 3824 οἰνα-

307 3966 322 4018 1
344 3963 434 4018 Verba
460 3961 614 4026 Heliodori,
644 3962 775 4017 recentior
801 3959 993 4030 grammaticus
1025 3958 1179 4028 scripsisset
1201 3959 1329 4030 Κορωνὶς

219 4048 363 4122 εἰσιόντων
381 4054 436 4103 τῶν
455 4049 610 4122 ὑποκριτῶν
714 4049 731 4100 2
750 4047 834 4102 Serib.
852 4044 1034 4113 καταληκτικά
1129 4047 1146 4100 3
1164 4045 1222 4097 Hoc
1238 4043 1327 4098 adiec-

218 4137 304 4191 tivum
321 4136 482 4190 inusitatum
501 4137 621 4188 exortum
639 4137 681 4189 est
698 4151 729 4188 ex
747 4133 885 4188 Heliodori
897 4149 960 4186 voce
977 4171 993 4196 ‚,
1003 4132 1059 4184 κατ’
1075 4134 1163 4186 ἴσον“
1185 4129 1228 4198 (cf.
1242 4129 1325 4183 schol.

218 4223 283 4278 Ach.
304 4223 375 4292 284).
497 4224 515 4279 4
540 4222 598 4277 Ηοσ
631 4221 751 4277 scholion
780 4221 852 4291 apud
879 4218 1035 4273 Diibnerum
1061 4217 1097 4271 ad
1125 4233 1151 4270 v.
1171 4216 1223 4269 943
1255 4216 1326 4271 falso

216 4310 332 4370 refertur
