2864 4846
534 267 641 323 Scholia
658 270 687 322 in
705 285 807 338 pacem.
1193 266 1227 320 89

608 417 887 447 Ι()(Ὶ()Ι

116 422 153 490 τὸ
186 425 219 490 ιδ
226 419 234 443 '
263 421 375 509 ὅμοιον
410 421 642 515 ἓφθῆμιμερες.
686 451 732 513 οφ
771 452 788 494 ο
816 453 835 516 η
865 448 929 494 εσω
958 427 1060 514 διπλῆ
1091 423 1145 492 διὰ
1172 423 1227 515 τῆν

117 521 361 617 ἀνταπόδοσιν.)

205 659 401 718 473-484.
450 643 499 737 M
528 645 661 736 Λάμαχ’
695 644 848 731 ἀδικιῖςτ
884 654 998 740 Διπλῆ
1034 649 1091 717 καὶ
1123 646 1229 733 στίχοι

115 750 280 842 τρίμετροι
300 752 449 841 ἶαμβικοί
469 751 524 840 ιγ’.
561 755 619 822 ἐπὶ
641 762 690 844 τῷ
708 756 793 824 τέλει
814 753 1056 846 παράγραφοςῆ]

202 883 398 948 485-499.
436 870 463 943 ιδ
477 870 553 944 εἶαε
578 874 654 964 ῆἩ
672 869 831 962 ἀμοιβαία
853 875 932 966 αδτῆ
952 869 1151 966 ἀντιστροφῆ
1171 882 1228 963 τῆς

115 975 270 1069 ρηθείσῆς
291 978 363 1047 ἐστὶ
386 985 544 1071 στροφῆς,
575 981 629 1049 καὶ
650 979 715 1048 εἰσὶ
736 983 777 1049 τὰ
802 985 889 1050 κῶλα
913 982 969 1050 καί
991 977 1107 1072 ταύτης
1130 978 1227 1065 ὅμοια

116 1080 265 1163 ἐκείνοις·
302 1083 336 1153 ἔν
365 1108 433 1152 τισι
460 1086 496 1153 δὲ
528 1085 581 1153 καί
612 1082 739 1175 ἑτέρους
761 1087 887 1169 δέχεται
917 1086 1025 1166 πόδας
1052 1092 1109 1154 τοῦ
1131 1076 1228 1152 αὐτοῦ

115 1185 233 1274 μέτρου
259 1186 381 1268 1ὄντας.
417 1190 475 1257 ἐπὶ
499 1196 545 1279 τῷ
567 1188 710 1258 τέλειαί
735 1185 974 1283 ἀμφοτέρωθεν
995 1190 1057 1273 ἔξω
1079 1191 1224 1276 διπλαῖ.]]

133 1385 137 1389 ,
205 1318 400 1378 500-511.
448 1309 585 1400 [[ἷίνδρες
608 1318 786 1404 Μεγαρῆςτ
811 1312 942 1400 Ἕτερον
970 1308 1116 1402 σύστημα
1145 1308 1227 1378 κατὰ

116 1414 302 1503 περικοπὴν
325 1411 554 1500 ἀνομοιομερὲς
574 1413 730 1502 ἰαμβείων
745 1413 791 1507 η’.
813 1417 868 1484 καί
881 1415 925 1485 ’ἓν
949 1415 1096 1485 εἰσθέσει
1118 1415 1226 1503 ἕτερον

115 1512 288 1602 ἀμοιβαῖον
306 1516 422 1602 στίχων
443 1515 563 1605 ὁμοίιον
584 1524 824 1612 καταληκτικιῦν
844 1520 1065 1609 τετραμέτρων
1088 1521 1129 1588 δ’.
1167 1516 1227 1586 ἐπὶ

115 1625 188 1701 ταῖς
209 1617 398 1690 ἀποθέσεσι
421 1615 666 1714 παράγραφοςζῆ

204 1751 400 1813 512-519.
445 1741 501 1833 ἀγα
533 1752 619 1814 νῦνε
652 1745 828 1832 ῆΚορωνίς
862 1747 917 1813 καὶ
955 1742 1104 1824 είσθισις
1128 1748 1226 1833 χοροῦ

114 1849 356 1938 μονοστροφικῆ
376 1845 492 1935 ,κώλων
516 1850 559 1938 η’.
604 1843 648 1916 ὧν
677 1849 792 1935 τὸμὲν
815 1845 850 1916 α’
880 1843 1099 1939 ἀναπαιστικῆ
1120 1848 1226 1934 βοίσις.

115 1950 152 2019 τὸ
172 1951 318 2040 δεύτερον
338 1951 451 2038 ὅμοιον
474 1952 632 2043 δίμετρον.
669 1954 711 2022 τὰ
732 1951 774 2041 μ’,
797 1953 840 2037 δ’,
866 1953 900 2035 ς’
924 1952 1059 2040 ἱαμβικίι
1080 1951 1225 2040 δίμετρα.

115 2055 153 2121 τὸ
176 2052 206 2122 ε’
229 2054 343 2141 ὅμοιον
366 2054 600 2148 ἓφθῆμιμερές.
622 2059 660 2128 τὸ
683 2055 713 2141 ζ’
736 2057 914 2127 πααονικδν
934 2057 1105 2148 τρίμετρον
1127 2056 1226 2147 ὓπερ-

115 2155 312 2250 κατάλῆκτον
333 2161 368 2229 ἐκ
393 2162 659 2250 παλιμβακχείων
681 2162 736 2230 καὶ
758 2169 923 2254 κρῆτικῶν.
963 2163 1001 2232 τὸ
1021 2159 1053 2253 η’
1076 2160 1225 2250 δίμετρον

115 2261 394 2356 δπερκατάλῆκτον
418 2267 539 2353 ὅμοιον.
571 2262 624 2358 ὑφ)
647 2263 665 2335 ὃ
688 2267 854 2356 κορωνίς.]]

203 2395 400 2456 520-570.
448 2383 501 2475 [[ιδ
529 2385 650 2457 πότνια
673 2415 681 2458 :
713 2387 874 2467 Είσθεσις
901 2390 1021 2478 διπλῆς
1050 2381 1227 2473 ἀμοιβαίας

116 2486 231 2573 στίχων
255 2491 319 2558 ια’.
365 2485 408 2558 ὧν
432 2490 463 2559 οἳ
482 2492 541 2577 μὲν
562 2490 615 2580 λγ’
639 2491 788 2578 ἱαμβικοὶ
812 2488 976 2580 τρίμετροι
999 2485 1225 2582 ἀκατάληκτοι.

115 2589 147 2660 σί
168 2594 203 2661 δὲ
224 2591 297 2685 ἑξῆς
318 2595 364 2685 ιη’
386 2595 552 2683 τροχαῖκοὶ
574 2591 783 2685 τετράμετροι
813 2592 1049 2686 καταλῆκτικοί.
1074 2594 1132 2662 ἐπὶ
1154 2601 1228 2677 ταῖς
1289 2673 1293 2680 ,

115 2694 303 2765 ἀποθέσεσι
324 2696 548 2790 παράγραφος.
571 2700 630 2768 ἐπὶ
652 2701 688 2768 δὲ
709 2705 756 2789 τῷ
776 2698 862 2768 τέλει
884 2697 902 2790 ῆ
924 2697 986 2782 ἔξω
1005 2703 1135 2790 διπλῆῆ]

203 2829 313 2888 571-
326 2827 399 2889 581.
445 2821 523 2909 [ΓΗ
539 2820 673 2902 ἔκθεσις
695 2823 775 2911 αὕτη
796 2826 853 2911 τῆς
875 2825 993 2912 διπλῆς
1014 2817 1122 2889 κώλων
1137 2821 1229 2890 ἐστὶν

115 2924 235 3011 ὁμοίιον
263 2930 438 3011 τροχαῖκιδν
461 2922 516 2993 ια’.
560 2919 606 2993 ὦν
634 2926 672 2994 τὸ
694 2923 727 3016 η’
751 2923 963 3015 μονόμετρον,
997 2926 1038 2993 τὰ
1065 2927 1101 2995 δὲ
1123 2924 1226 2994 λοιπὰ

114 3029 249 3120 δίμετρα
269 3023 482 3120 ἀκατάληκτα.
524 3031 767 3100 τὸτελευταῖον
796 3027 1026 3122 ἓφθῆμιμερές.
1071 3028 1125 3121 ὑφ’
1150 3027 1168 3100 δ
1190 3030 1226 3101 αὶ

114 3131 351 3226 ἀμφοτέρωθεν
375 3132 436 3216 ἔξω
459 3137 605 3223 διπλαῖῆ
649 3180 653 3188 -

203 3265 397 3325 582-650.
440 3262 546 3344 χαῖρε,
580 3251 663 3346 χαῖρ’
690 3249 717 3323 ὦ
747 3254 915 3346 φίλτατοι
955 3258 1130 3346 [[Κορωνὶς
1168 3259 1224 3327 καί

114 3358 262 3441 είσθεσις
281 3366 379 3449 χοροῦ
401 3362 642 3452 μονοστροφικῆ
666 3357 778 3429 κοίλων
801 3388 843 3429 κα
851 3357 869 3429 ’.
903 3355 947 3429 ὦν
969 3363 1011 3430 τὰ
1033 3359 1077 3446 α’,
1113 3359 1156 3447 ζ’,
1179 3361 1225 3431 ιε’

114 3468 268 3555 τροχαϊκά
291 3462 507 3556 ἓφθῆμιμερῆ.
531 3467 572 3532 τὰ
592 3471 639 3551 β’,
662 3462 705 3549 ς’,
729 3463 776 3534 ιδ’
799 3464 934 3557 δίμετρα
950 3461 1161 3556 ἀκατάληκτα.
1184 3467 1225 3534 τὰ

114 3566 158 3657 γ’,
182 3570 214 3661 η’
239 3569 357 3656 ὃμοια,
382 3568 507 3638 Ἰωνικὰ
535 3570 645 3652 μέντοι
667 3563 737 3638 ἀπὸ
757 3569 909 3656 μείζονος.
953 3567 1062 3652 τὰδ’,
1092 3568 1143 3655 θ’,
1177 3567 1224 3661 ιη’

114 3675 289 3742 δακτολικολ
318 3681 554 3766 πενθῆμιμερῆ.
598 3675 640 3741 τὰ
663 3675 705 3758 ε’,
727 3676 787 3759 ια’,
819 3673 877 3762 ιβ’,
900 3673 958 3760 ις’,
983 3676 1028 3758 ιζ’
1060 3678 1223 3744 παιιονικδι

113 3777 248 3867 δίμοιρα
271 3776 481 3867 ἀκατάληκτα.
525 3779 563 3846 τὸ
585 3776 613 3846 ι’
637 3777 766 3863 ὅμοιον,
789 3777 940 3866 ἰαμβικὸν
961 3779 1080 3865 μέντοι.
1114 3781 1152 3848 τὸ
1177 3776 1224 3867 ιμ’

113 3883 291 3950 παιωνικὸν
311 3878 543 3972 ἓφθῆμιμερίς.
569 3883 607 3950 τὸ
630 3880 684 3951 ιθ’
709 3877 947 3952 ἀναπαιστικδν
970 3882 1121 3971 δίμετρον
1143 3880 1224 3951 ἀκα-

113 3983 277 4076 τάληκτον.
304 3985 342 4055 2ὁ
359 3987 403 4071 κ’,
428 3987 483 4054 ‘aa‘
508 3989 542 4055 ἐν
562 3988 696 4058 ἐκθέσει
717 3987 822 4071 στίχοι
844 3988 909 4055 εἰσί
928 3989 1094 4077 τροχαῖκοὶ
1113 3989 1225 4078 τετρά-

113 4117 223 4179 μετροι
249 4092 475 4180 καταλῆκτικοὶ
503 4089 614 4176 ὅμοιοι
643 4098 714 4172 τοῖς
743 4092 776 4159 ἒν
801 4100 841 4184 τῆ
862 4091 1009 4162 εἰσθίσει
1031 4099 1089 4182 τῆς
1107 4095 1226 4184 διπλῆς

201 4307 216 4361 l
237 4303 315 4364 ὄντος
421 4300 527 4371 2ὁκ’,
544 4301 602 4356 κα’.
620 4302 651 4357 ἓν
