2864 4846
548 258 656 316 Scholia
672 260 701 314 in
719 256 792 315 Plut„
1191 260 1225 316 29
1270 305 1272 310 .
1324 278 1328 290 ·

109 413 168 504 χάρ
194 414 292 502 χορδν
322 411 442 504 ἀίφειλε
464 420 590 500 θεῖναι,
629 415 684 484 καὶ
706 419 883 507 διατρῖψαι
908 416 1041 506 μικρόν,
1072 412 1163 507 δίχρις
1184 413 1223 484 ἀν

109 544 160 597 τις
182 515 220 602 ἐξ
237 511 439 608 Ἀσκληπιοῦ
462 517 677 611 ἀναστρέψειν
698 521 758 612 την
777 528 834 589 τοῦ
850 518 998 590 Πλούτου
1013 519 1225 608 ἀπαγγέλλων

110 614 300 712 ἀνάβλεψιν.

198 749 394 811 627-640.
448 737 502 830 [[ιύ
530 746 671 811 πλεῖστα
688 831 692 836 ι
707 742 888 834 Θησείοιςι
915 741 1045 833 Ἕτερον
1082 743 1226 835 σύστημα

109 840 282 944 ἀμοιβαῖαν
300 852 365 919 τῶν
384 842 579 933 δποκριτῶν.
615 845 681 915 εἶσὶ
700 847 738 915 δὲ
768 844 800 915 οἳ
828 855 955 937 πρῶτοι
978 843 999 916 ι’
1023 846 1126 932 στίχοι
1150 835 1227 935 ίαμ-

109 948 198 1037 βικσί
225 947 392 1041 τρίμετρον
419 944 650 1041 ἀκατάληκτοι·
691 950 728 1020 ²6
764 949 935 1034 ἑνδέκατος
970 946 1228 1035 ἀντισπαστικδς

109 1052 280 1144 τρίμετρος
315 1055 626 1145 βραχυκατάληκτσς,
662 1057 915 1145 ε’πιμεμιχμέιιος
944 1056 1100 1148 ἐπιτρίτῳ
1127 1053 1158 1145 β
1166 1083 1173 1096 ·
1208 1055 1226 1126 δ

110 1157 293 1239 δωδέκατος
323 1152 476 1246 ἰαμβικὸς
507 1159 690 1251 τρίμετρος·
725 1158 757 1228 οἳ
788 1159 862 1252 ἑξῆς
894 1158 951 1230 δύο
973 1156 1226 1231 ἀντισπαστινοί

109 1261 276 1351 τρίμετροι
293 1263 589 1354 βραχνκατάληκτοι
608 1272 666 1332 τοῦ
683 1265 814 1356 πρώταν
829 1267 934 1346 ποδὸς
949 1263 1226 1353 πεντασυλλάβου,

99 1360 259 1436 Ιτουτέστι
287 1365 470 1457 διτρσχαίον
503 1366 552 1457 (αἱ
582 1369 641 1460 μὰρ
669 1375 817 1456 βραχεῖαι
845 1363 914 1438 κατ’
938 1362 1039 1461 ἀρχάς
1069 1371 1228 1457 συλλαβαί

111 1469 185 1541 ἀντὶ
206 1478 285 1558 μιᾶς
306 1480 432 1561 μακρᾶς
454 1473 730 1564 λοχιζέσδωσαν),
752 1480 810 1541 τοῦ
831 1473 867 1542 δέ
888 1474 1039 1564 δευτέρου
1058 1471 1228 1565 ἐπιτρίτου

112 1575 267 1663 δευτέρον.
290 1574 349 1642 έπί
370 1580 417 1665 τῷ
439 1577 524 1644 τέλει
544 1573 770 1669 παράμραφος.
797 1576 978 1669 σημείωσαι
1007 1575 1152 1646 ἐνταῦθα
1174 1577 1228 1648 ὅτι
1256 1571 1258 1575 ’

112 1679 185 1747 δέον
204 1678 300 1768 χορὸν
319 1679 374 1747 διά
394 1679 494 1765 μέσον
517 1686 644 1766 θεῖναι,
666 1680 778 1769 μέχρις
792 1679 834 1749 ἀν
849 1681 967 1750 ἐκεῖνοι
982 1679 1016 1762 ές
1028 1676 1229 1772 Ἀσκληπιοῦ

113 1778 267 1864 ἐλθόντες
294 1779 518 1873 ἀναβλέψαιεν
543 1783 601 1853 τὸν
630 1786 793 1870 Πλοῦτον,
831 1784 850 1854 ὃ
880 1786 917 1854 δέ
934 1793 1141 1877 παραχρῆμα
1170 1787 1228 1856 τὸν

113 1885 268 1976 Καρίωνα
296 1885 441 1976 εἰσφέρει
469 1881 710 1976 εῦαγχελίζοντα
737 1895 807 1970 τοῖς
823 1888 961 1978 ,γέρουσι
992 1892 1071 1980 περὶ
1089 1897 1149 1980 τῆς
1170 1895 1232 1958 τοῦ.

113 1988 264 2088 Πλούτου
293 1988 514 2081 ἀναβλέψειας.
551 1991 700 2083 ἐποίησε
717 1993 755 2061 δέ
776 2001 873 2063 τοῦτο
896 1992 953 2063 οῦκ
975 1989 1113 2082 ἀλόγως,
1143 1988 1226 2063 ἀλλά

113 2099 153 2186 τῇ
180 2122 216 2164 τε
242 2103 300 2186 τῆς
326 2095 399 2176 νέας
433 2100 604 2186 κωμῳδίας
630 2096 802 2188 σννηθείᾳ,
838 2098 871 2166 έν
910 2090 930 2190 ᾗ
958 2087 992 2166 αλ
1021 2094 1228 2186 παραβάσεις

114 2196 316 2283 ἐπαύσαντο,
355 2198 400 2280 ῶς
427 2198 635 2291 προείρηται,
674 2201 730 2269 καί
752 2201 831 2288 άμα
845 2204 951 2284 δεῖξαι
971 2202 1163 2289 βουλόμενος
1184 2200 1229 2284 ῶς
1255 2280 1256 2285 1

115 2299 178 2393 ἀρα
199 2299 335 2387 τάχιστα
357 2300 445 2370 πάνυ
462 2302 481 2371 δ
505 2307 655 2385 Πλοῦτος
675 2302 882 2393 ἀνέβλεψενλ

202 2448 342 2506 641-7
347 2448 397 2506 70.
444 2435 513 2526 βτίς
533 2436 552 2529 ἡ
575 2439 637 2529 βοή
660 2438 736 2508 ποτ’
757 2436 829 2506 ἐστί
844 2463 852 2506 :
868 2438 1028 2528 Κορωνὶς,
1043 2436 1226 2509 ἐἰσιόντων

114 2540 312 2632 ύπσιιριτῶν·
350 2540 382 2609 σί
414 2542 450 2610 δὲ
486 2541 591 2626 στίχοι
623 2541 771 2638 ίαμβικοὶ
807 2542 974 2633 τρίμετρον
1010 2540 1226 2635 ἀκατάληκτοι

115 2642 204 2734 ρλβ’·
227 2639 271 2714 ὧν
292 2649 475 2726 τελευταῖος

278 2770 281 2775 ’
325 2767 381 2840 ἐγὼ
401 2770 424 2823 δ
447 2769 609 2836 ἀπαντῆσαί
626 2766 651 2839 y’
670 2768 787 2828 ἐκείνοις
804 2767 951 2840 βούλομαι.

115 2869 174 2937 ἐπὶ
195 2869 281 2939 τέλει
302 2866 442 2966 ἑκάστου
462 2866 664 2961 συστήματος
686 2866 916 2961 παράχραφος·
939 2870 998 2938 ἐπὶ
1018 2871 1055 2939 δέ
1081 2875 1129 2962 τῷ
1141 2871 1228 2960 τέλει

115 2972 245 3043 πάντων
271 2983 337 3043 τῶν
365 2974 481 3059 στίχων
507 2973 656 3065 κσρωνίς,
693 2975 750 3043 καί
779 2971 850 3064 ἑξῆς
874 2975 913 3043 τδ
946 2974 1144 3062 8ιιομμάτιαι
1172 2981 1229 3045 τοῦ

112 3085 225 3170 χοροῦ·
247 3072 416 3148 κάνταῦθα
437 3080 497 3169 μὰρ
517 3086 616 3169 χοροῦ
636 3106 670 3147 τι
691 3079 789 3168 μέρος
807 3078 927 3170 ὤφειλε
947 3085 1060 3148 θεῖναι
1079 3078 1137 3148 καὶ
1155 3082 1228 3149 δια-

39 3214 42 3220 ·
115 3189 235 3273 τρῖψαι
254 3181 386 3277 μικρόν,
408 3181 500 3274 ἀχρις
520 3182 560 3252 ἀν
581 3181 599 3252 ὁ
622 3181 756 3274 Καρίων
779 3179 915 3264 ἐκείνοις
937 3182 1151 3275 συμμίξειαν]

205 3431 219 3484 1
243 3429 321 3486 Alius
339 3429 535 3486 Grammaticus
553 3427 589 3484 ad
606 3429 676 3484 huno
692 3444 800 3484 versum
816 3430 931 3485 annotat
954 3427 1033 3485 haee:
1060 3433 1150 3500 λέγεις
1173 3449 1226 3502 μοι

113 3515 224 3592 χαράνε
247 3518 286 3571 Τὸ
307 3517 496 3590 συστημάτων
512 3523 594 3572 τοῦτο
612 3515 708 3572 κώλων
726 3518 784 3570 ἐστὶ
804 3516 837 3571 δ’.
866 3516 897 3573 τό
917 3515 941 3570 α’
960 3522 1107 3591 τρίμετρον
1125 3523 1227 3591 βραχυ-

116 3601 284 3671 κατάληκτον
310 3605 339 3665 ἐξ
365 3603 568 3670 ἀντισπάστου,
598 3604 741 3678 ἐπιτρίτου
769 3605 900 3676 δευτέρου
929 3605 976 3656 καὶ
1002 3601 1054 3656 δύο
1072 3606 1227 3672 συλλαβῶν,

115 3687 235 3759 ἡμίσεως
253 3722 287 3730 -
304 3691 371 3760 Reg.
393 3689 506 3762 ἡμίσεος
523 3721 557 3729 -
582 3689 672 3751 ποδὸς
696 3688 795 3744 ούσῶν.
830 3687 903 3757 τὸβ
929 3687 1062 3759 ἰαμβικὸν
1079 3693 1228 3765 τρίμετρον

117 3772 314 3843 ἀκατάληπτον.
347 3777 377 3830 τὸ
404 3783 498 3852 τρίτον
517 3780 563 3831 καὶ
581 3780 710 3849 τέταρτον
734 3783 865 3849 τρίμετρα
887 3773 1123 3840 ναταληκτικάέκ
1140 3772 1228 3830 παιιύ-

115 3878 171 3914 νων
186 3859 237 3915 δύο
259 3867 305 3916 καὶ
324 3867 467 3931 συλλαβῶν
483 3867 569 3934 τριῶν
588 3866 744 3917 λιιπουσῶν
761 3867 815 3932 μιᾷ
832 3862 954 3933 συλλαβῇ
973 3864 1013 3922 εἰς
1031 3858 1229 3937 ἀναπλήρωσιν

115 3949 336 4010 τελείοιιποδός.
353 3963 390 3988 ’-
408 3951 438 4003 ἐκ
455 3946 589 4004 παιάνων
607 3945 658 4002 δύο
676 3948 782 4001 Hemst.
802 3951 911 4013 παιῶν,
932 3945 959 3998 δ’
977 3944 1029 4000 δύο
1046 3945 1119 4001 Ιυαλ.
1151 3947 1227 4012 „Re-

116 4033 176 4099 gius
194 4037 264 4089 reete
283 4031 415 4089 παιάνων
430 4033 572 4110 τετάρτων
596 4031 875 4096 ‹5150“Dfibn.;fort.
895 4032 925 4086 ἐκ
949 4037 1071 4094 παιῶνος
1089 4031 1227 4107 τετάρτου,

117 4117 251 4189 διιάμβου
270 4125 317 4175 καὶ
336 4124 482 4191 συλλαβῶν
506 4125 591 4194 τριῶν
617 4144 667 4186 -·-,
697 4118 792 4174 deinde
823 4119 939 4174 fortasse
967 4119 1164 4180 restituendum
1187 4122 1230 4174 est

10 4254 12 4262 ,
117 4204 265 4275 λειπούσης
281 4212 349 4280 μιάς
367 4211 503 4276 συλλαβῆς
606 4207 623 4260 2
642 4206 740 4262 Totum
757 4206 890 4262 sohdlium
914 4222 966 4260 om.
989 4210 1019 4259 Θ.
1127 4207 1229 4263 3Pbst

116 4305 142 4344 v.
161 4291 213 4348 770
229 4292 394 4362 adscriptum
412 4293 576 4368 κομμάτιον
590 4298 678 4365 χοροῦ
695 4294 725 4349 in
742 4293 776 4350 V.
800 4298 831 4348 Θ.
849 4295 914 4364 (non
934 4289 987 4361 Gn).
