2864 4846
580 257 688 313 Scholia
704 258 733 312 in
750 275 838 313 ranas.

290 410 293 414 Α
365 412 521 485 μελοποιὸν
540 413 610 470 ὄντα
628 419 675 468 καὶ
694 423 830 472 ποιοῦντα
849 417 922 472 ταῦτ’
942 419 993 472 ἀεί.

156 514 215 581 ἐπὶ
236 519 282 603 τῷ
303 514 387 583 τέλει
407 511 568 605 κορωνίς.]]

245 645 483 707 1251-1263.
531 635 592 737 [vl
613 629 696 705 ποτε
719 647 853 728 πρᾶγμα
872 669 881 706 .·
904 641 1052 729 Κορωνὶς
1073 639 1127 706 καὶ
1149 636 1264 707 είσδε-

157 761 208 819 σις
228 746 324 828 χοροῦ
346 740 491 831 ἐπῳδικῆ
516 742 570 809 διὰ
593 743 630 810 τδ
651 748 785 810 κεῖσθαι
806 744 888 827 μετὰ
903 746 959 834 τῆν
975 743 1134 834 κορωνίδα
1151 741 1265 830 (ἐνίοτε

156 843 192 910 δέ
214 843 269 909 καί
290 846 373 927 μετὰ
402 845 459 934 τῆν
482 847 616 937 διπλῆν,
652 843 696 925 ὡς
724 847 883 927 πολλάκις
906 845 1057 938 εἴρηται),
1097 848 1133 915 ἐκ
1154 843 1265 914 κώλων
1324 872 1325 875 ’

156 939 420 1014 άντισπαστικῶν
441 949 702 1035 ἐπιμεμιγμένων
730 950 913 1038 ἐπιτρίτοις
943 952 1000 1019 καὶ
1022 948 1187 1037 διιάμβοις
1210 952 1266 1020 καὶ

155 1051 350 1140 διτροχαίοις
379 1053 467 1124 δέκα.
512 1045 555 1120 ὦν
583 1056 620 1121 τδ
649 1062 779 1143 πρῶτον
807 1055 957 1144 δίμοιρον
987 1050 1207 1145 άκατάλῆκτον
1228 1054 1265 1122 ἐν.

156 1155 418 1242 πεντασυλλάβου
440 1150 674 1225 άντισπάστου·
696 1152 715 1226 δ
736 1163 882 1227 καλεῖται
903 1159 1102 1246 γλυκιάνειον.
1135 1160 1173 1226 τὸ
1195 1157 1264 1226 δεύ-

155 1284 246 1347 τερον
268 1259 304 1327 ἐκ
326 1259 473 1340 παίωνος
494 1259 648 1348 τετάρτου
677 1264 732 1330 καὶ
761 1260 912 1349 διιάμβου
934 1263 1050 1349 ὅμοιον.
1095 1261 1132 1332 τδ
1155 1261 1265 1351 τρίτον

155 1372 211 1429 τοῦ
234 1363 363 1450 πρώτου
384 1366 489 1446 ’ποδὸς
511 1364 774 1452 πεντασυλλάβου
795 1364 1034 1457 καταλῆκτικδν.
1056 1368 1094 1435 τὸ
1114 1367 1265 1456 τέταρτον

156 1467 192 1535 ἐκ
213 1468 397 1557 διτροχαίου
420 1470 473 1536 καί
493 1469 662 1558 ἐπιτρίτου
678 1469 788 1559 τρίτου
803 1465 1029 1561 άκατάληκτον.
1054 1473 1092 1539 τὸ
1108 1469 1139 1538 ε’
1154 1471 1265 1556 ὅμοιον

154 1578 200 1661 τῷ
221 1569 267 1657 β’.
306 1573 343 1640 τὸ
365 1572 454 1640 έκτον
477 1571 511 1641 ἐκ
534 1573 715 1662 διτροχαίου
736 1576 792 1642 καὶ
808 1574 977 1662 ἐπιτρίτου
999 1572 1139 1663 πρώτου.
1172 1578 1210 1645 τὸ
1235 1575 1265 1658 ζ’

155 1674 266 1761 ὅμοιον
281 1682 328 1765 τῷ
343 1677 389 1763 β’.
412 1677 450 1744 τὸ
468 1674 500 1766 η’
525 1679 758 1766 καταληκτικδν
779 1679 815 1744 ἐκ
834 1678 1018 1764 διτροχαίου
1040 1681 1095 1746 καὶ
1117 1677 1266 1765 βακχείαν

154 1776 175 1866 ἢ
196 1778 427 1871 άμφιβράχεος.
449 1782 487 1847 τὸ
509 1778 553 1849 δ’
576 1781 689 1866 ὅμοιον
707 1791 753 1869 τῷ
774 1778 818 1867 β’.
841 1784 879 1850 τὸ
902 1780 929 1850 ι’
951 1782 1064 1869 ὅμοιον
1084 1789 1132 1872 τῷ
1150 1781 1263 1872 ὀγδόῳ.

155 1881 227 1973 ἐξῆς
249 1885 284 1952 δέ
320 1884 527 1953 1ε’νέκδέσει
555 1884 659 1967 στίχοι
682 1884 828 1972 ίαμβικοὶ
854 1886 1018 1976 τρίμετροι
1048 1888 1265 1978 άκατάλῆκτοι

154 1984 195 2074 γ’.
220 1986 291 2078 ἑξῆς
315 1988 351 2056 δέ
373 1987 505 2056 τίθεται
528 1992 631 2056 κῶλον
655 1987 808 2076 ἰαμβικὸν
824 1988 1065 2082 ἐφθῆμιμερές,
1086 1993 1125 2059 τδ
1148 1989 1263 2080 „durb-

154 2095 221 2158 λιυν
243 2082 452 2180 προσαυλεῖ.“
487 2091 571 2175 ὅπερ
595 2094 678 2160 κατὰ
702 2097 954 2184 παρεπιμραφῆν
983 2094 1122 2163 τίθεται.
1154 2095 1266 2184 ὥσπερ

154 2196 207 2262 καὶ
230 2196 268 2264 τδ
290 2190 407 2279 ,,αι”λεῖ
424 2223 474 2276 τις
494 2195 600 2264 ἐνδον·
612 2205 630 2234 “
650 2198 705 2264 καὶ
722 2195 804 2265 άλλα
824 2196 939 2265 πολλά.
963 2200 1045 2288 φασὶ
1066 2200 1102 2266 δέ
1124 2195 1266 2280 διαύλιον

154 2300 324 2385 λέγεσθαι,
353 2300 430 2369 ὅταν
450 2299 581 2390 ἡσυχίας
614 2298 742 2367 πάντων
764 2302 934 2393 γενομένης
965 2301 1058 2370 ἔνδον
1082 2300 1099 2371 ὁ
1128 2300 1265 2392 αὐλῆτῆς

154 2401 226 2495 ῆὶσῆ.
257 2405 316 2473 ἐπὶ
335 2413 384 2494 τῷ
403 2406 487 2472 δέλει
509 2412 566 2495 τῆς
587 2405 645 2490 μὲν
667 2414 812 2496 στροφῆς
834 2404 974 2492 κορωνίς.
1016 2412 1073 2475 τοῦ
1094 2407 1130 2475 δέ
1147 2403 1264 2497 συστῆ-

153 2535 255 2594 ματος
276 2510 520 2600 παράγραφοςῆ]

242 2638 481 2697 1264-1284.
529 2629 609 2716 [[Τὰ
641 2628 678 2696 δὲ
708 2635 842 2696 τοιαῖτα
868 2627 938 2714 ε’ίδη
965 2633 1111 2697 καλεῖται
1134 2625 1264 2701 άλλοιδ-

155 2756 296 2824 στροφα,
326 2731 369 2815 ὡς
396 2730 631 2823 Ἡφαιστίων2
657 2731 771 2822 φῆσίν·
810 2733 872 2800 ὅσα
901 2733 1031 2812 πάντως
1050 2733 1265 2824 διαιρεῖταιῆ

154 2836 241 2902 κατδ
260 2836 438 2924 πρόσωπον
458 2830 645 2922 άμοιβαῖον,
668 2834 690 2925 ἢ
709 2843 804 2926 χοροῦ
824 2836 908 2925 πρὸς
927 2833 1102 2926 ὑποκριτὴν
1125 2837 1264 2926 ἀπόκρι-

154 2964 212 3008 σιν.
236 2938 306 3007 ἐστι
329 2940 364 3007 δέ
386 2947 445 3029 τῆς
472 2941 531 3024 μέν
554 2932 641 3029 ῆίδῆς
662 2936 779 3028 ταύτης
806 2940 847 3005 τὰ
869 2942 957 3005 κῶλα
980 2936 1202 3008 δναπαιστικὰ
1222 2941 1263 3011 ε’.

154 3036 197 3108 ὧν
219 3042 256 3110 τὸ
281 3051 410 3132 πρῶτον
430 3043 599 3132 τρίμετρον
633 3042 870 3132 καταλῆκτικδν
891 3041 939 3122 εἰς
961 3040 1132 3134 συλλαβήν,
1167 3039 1264 3114 δκα-

153 3150 256 3213 λεῖται
277 3145 455 3230 Αἰολικόν,
479 3148 535 3215 διδ
557 3148 595 3215 τὸ
618 3144 738 3233 ἴαμβον
762 3144 845 3229 ἐῆειν
866 3146 924 3214 τὸν
945 3152 1076 3235 πρῶτον
1098 3143 1197 3216 πόδα.
1225 3138 1264 3218 τὸ

154 3251 300 3341 δεύτερον
321 3252 377 3318 καὶ
402 3251 440 3318 τὸ
462 3247 493 3317 ε’
514 3248 649 3338 δίμετρα
672 3247 947 3338 δπερκατάλῆκτα.
983 3249 1022 3316 τὸ
1044 3246 1076 3336 μ’
1098 3258 1262 3341 πενδῆμι-

153 3355 253 3445 μερές.
288 3355 325 3423 τδ
348 3354 501 3443 τέταρτον
531 3351 770 3443 ἐφδῆμιμερές,
810 3344 1010 3438 δκαλεῖται,
1045 3351 1108 3433 θὼς
1130 3352 1262 3444 εἴρηται,

153 3456 382 3546 παροιμιακόν.
415 3457 473 3524 ἐπὶ
493 3462 539 3545 τῷ
558 3457 643 3524 τέλει
666 3453 890 3546 παράμραφος.
925 3461 982 3523 τοῦ
1003 3457 1039 3524 δέ
1063 3455 1265 3547 συστήματος

153 3561 193 3626 τὰ
215 3565 303 3628 κῶλα
322 3560 418 3646 ὅμοια
448 3561 563 3643 πέντε,
601 3561 686 3650 πλῆν
707 3568 765 3628 τοῦ
793 3557 947 3649 τετάρτου
977 3567 1025 3649 τῷ
1047 3561 1183 3651 δευτέρῳ
1205 3571 1264 3651 τῆς

154 3660 235 3753 ᾠδῆς
258 3661 387 3749 ὁμοίου,
411 3661 628 3753 ἓφδῆμιμερῆ.
652 3663 711 3730 ἐπὶ
733 3671 779 3754 τῷ
800 3665 886 3733 τέλει
908 3664 1133 3753 παράμραφος.
1156 3672 1213 3755 τῆς
1228 3666 1264 3734 δὲ

153 3763 224 3857 ἐξῆς
246 3761 333 3857 ᾠδῆς
350 3769 394 3832 τὰ
416 3771 504 3835 κῶλα
525 3767 568 3849 ἐξ.
604 3769 642 3836 τὸ
664 3776 797 3855 πρῶτον
820 3770 1011 3835 δακτυλικδν
1033 3765 1262 3857 ἓφθῆμιμερές.

153 3873 191 3937 τδ
215 3868 250 3956 β’
275 3872 511 3940 άναπαιστικδν
530 3868 766 3961 ἐφθῆμιμερές.
793 3872 832 3937 τὸ
851 3867 884 3956 y'
906 3871 961 3938 καί
980 3871 1019 3938 τὸ
1043 3867 1077 3951 ς’
1101 3868 1145 3950 ὡς
1166 3870 1204 3939 τὸ
1224 3867 1262 3957 β’

153 3979 209 4064 τῆς
231 3973 295 4041 δίνω
318 3968 410 4065 ᾠδῆς.
432 3975 469 4044 τδ
492 3975 528 4043 δ’
550 3975 739 4043 δακτυλικδν
758 3971 978 4066 τετράμετρον.
1013 3972 1083 4042 ἐστι
1103 3975 1139 4042 δέ
1159 3978 1261 4042 κῶλον

238 4189 251 4241 1
273 4189 302 4244 ἐν
324 4190 434 4240 ἐκθέσει
452 4188 557 4241 Portus.
586 4187 616 4239 ἐν
634 4190 756 4239 εἰσθέσει
774 4186 834 4241 Ald.
871 4187 942 4256 apud
960 4187 1136 4241 Heliodorum
1153 4187 1262 4255 legeba-

155 4275 198 4329 tur
207 4276 236 4331 ἔν
246 4276 363 4328 ἐκθέσει.
413 4273 481 4329 2Cf.
496 4276 559 4345 περὶ
572 4269 738 4342 ποιημάτων
751 4289 808 4342 cap.
817 4274 864 4328 IX.
872 4281 899 4342 β.
951 4273 1019 4330 30f.
1029 4273 1111 4328 schol.
1120 4273 1262 4330 Plut.598.
