2864 4846
581 295 689 361 Scholia
707 303 737 362 in
753 313 841 363 ranas.
976 263 980 268 -
1228 306 1262 362 67

153 461 366 556 τετραμέτρου
387 458 482 540 όντος
502 465 730 551 καταληκτικοῢ
753 457 824 550 ἑξῆς
845 459 882 527 δὲ
904 456 1049 550 σύστημα
1070 461 1153 528 κατὰ
1168 488 1263 551 περι·

153 565 260 654 κοπὴν
288 562 529 655 άνομοιομερές,
566 562 730 651 ἀναλόγως
758 571 797 655 τῇ
824 568 950 655 στροφῇ
975 572 1017 656 τῇ
1047 592 1083 632 τε
1104 563 1263 655 ποσότητι
1359 627 1367 635 ,

154 667 209 734 καί
231 664 383 758 ποιότητι
405 674 477 742 τῶν,
494 665 614 737 κώλων.
660 668 719 735 ἐπὶ
740 676 787 755 τῷ
809 668 895 735 τέλει
923 665 1075 756 ἐκατέρου
1095 671 1262 759 παράγρα-

100 763 111 827 Ῐ
155 797 218 860 φος
237 771 319 838 καί1
341 770 406 839 ἐσω
428 778 585 840 νενευκυῖα
608 775 709 862 διπλῆ
730 771 785 839 διά
806 772 862 860 τὴν
883 766 1130 861 άνταπόδοσιν.]]

244 865 461 944 549-589(
490 872 670 965 Πλαθάνη,
707 875 871 964 Πλαθάνη
900 901 908 943 :
952 878 1125 963 [[Κορωνὶς
1159 874 1264 962 ’ὁμοία

155 975 320 1046 εἰσιόντων
346 987 410 1047 τῶν
437 977 627 1068 ίποκριτῶν.
674 976 705 1045 οἱ
737 978 773 1046 δὲ
796 976 901 1063 στίχοι
930 977 1079 1066 ίαμβικοὶ
1098 980 1264 1071 τρίμετροι

154 1075 372 1172 άκατάληκτοι
393 1079 463 1169 μα’,
488 1076 531 1149 ὧν
552 1084 734 1161 τελευταῖος

364 1189 483 1262 δέχομαι
504 1189 554 1243 τὸν
571 1188 654 1260 ὅρκον
672 1189 742 1241 κάπὶ
760 1185 866 1248 τούτοις
884 1183 1045 1267 iamim]

243 1297 438 1358 590-604.
483 1292 538 1354 νῦν
568 1287 625 1353 σδν
652 1283 773 1374 ἐργονε
808 1283 998 1374 [[Είσθεσις
1029 1290 1134 1371 μελῶν
1167 1296 1263 1376 χοροῦ

155 1393 324 1479 περιοδικη
353 1390 410 1458 καὶ
439 1383 658 1478 ἀντίστροφος
689 1387 788 1473 ὁμοία
809 1399 848 1479 τῇ
874 1388 1117 1480 προρρηθείση,
1152 1390 1263 1459 καὶτὸ

66 1502 70 1505 ’
156 1494 299 1583 σόστημα
321 1500 391 1574 τοῖς
412 1487 522 1572 αὐτοῖς
550 1501 613 1563 τῶν
641 1492 674 1558 ἐν
694 1501 733 1582 τῇ
766 1501 890 1583 στροφῇ
916 1491 999 1561 κατά
1030 1519 1066 1560 τε
1094 1491 1263 1583 ποσότητα

154 1598 207 1664 καί
231 1597 391 1687 ποιότητα
413 1593 529 1676 κώλοις
558 1594 761 1683 συγκείμενον
791 1596 916 1680 ἐχοεσα.
960 1591 997 1686 ἧς
1018 1597 1076 1663 ἐπὶ
1106 1602 1152 1685 τῷ
1179 1599 1266 1664 τέλει

154 1701 379 1792 παράμραφος.
401 1707 457 1768 τοῦ
478 1700 513 1768 δέ
537 1701 738 1790 συστήματος
760 1701 816 1767 δύο
839 1703 972 1784 διπλαῖ,
1001 1700 1020 1790 ἡ
1041 1701 1100 1786 μὲν
1123 1701 1156 1767 ἐν
1176 1698 1264 1790 άρχῇ,

154 1803 174 1894 η
195 1807 231 1874 δέ
254 1806 395 1873 κατὰτὸ
416 1804 538 1890 τόλυςλ]

244 1919 437 1979 605-674.
482 1910 622 1989 ξυνδεῖτε
652 1907 801 1990 ταχέωςτ
836 1908 1009 1994 [[Κορωνίς
1040 1903 1138 1989 αὖθις
1170 1906 1263 1999 ἐτέρα

155 2010 319 2081 εἰσιόντων
349 2019 413 2081 τῶν
441 2010 631 2100 ὑποκριτῶν.
677 2008 707 2078 οἳ
737 2010 774 2095 δὲ
802 2010 907 2094 στίχοι
935 2010 1082 2098 ἰαμβικοὶ
1102 2012 1264 2102 τρίμετροι

156 2116 373 2208 άκατάληκτοι
397 2114 463 2199 ξε’·
486 2108 531 2183 ὧν
554 2119 735 2195 τελευταῖος

363 2237 497 2312 πρότερον
514 2242 630 2303 ποιῆσαι
648 2242 720 2308 πρίν
738 2255 774 2306 με
794 2235 841 2295 τὰς
859 2234 967 2306 πληγάς
986 2240 1090 2306 λαβεῖν.

155 2338 173 2408 δ
199 2340 232 2422 ξ’
255 2339 366 2427 μέντοι
389 2338 544 2424 ἰαμβικὸς
578 2334 830 2427 2ἐφθημιμερής.
874 2331 945 2405 εἶτα
971 2342 1075 2405 κῶλον
1101 2337 1263 2406 άντισπα-

146 2442 264 2512 ’στικὸν
293 2444 329 2525 ἐξ
356 2441 524 2531 ἐπιτρίτου
553 2439 685 2527 πριάιου
704 2438 871 2530 ἡμιόλιον.
914 2439 990 2527 μεθ’
1019 2437 1038 2510 δ
1066 2439 1263 2529 μονόμετρον

154 2546 435 2638 δπερκατάληκτον
471 2546 507 2627 ἐξ
541 2543 709 2634 ἐπιτρίτου
742 2541 911 2633 τετάρτου,
955 2545 1010 2612 καί
1037 2547 1176 2615 Ἰωνικόν
1204 2541 1263 2615 ἄπ’

155 2650 329 2730 ἐλάσσονος
350 2647 502 2739 ἡμιόλιον.
533 2648 591 2716 ἐπὶ
613 2656 659 2737 τῷ
679 2647 764 2716 τέλει
787 2645 918 2715 πάντων
938 2647 1100 2737 κορωνίςλ]

244 2763 440 2824 675-685.
488 2757 636 2840 [[Μοῦσα
662 2760 766 2841 χορῶν
793 2749 911 2841 ίερῶνε
940 2748 1125 2849 Κάνταῦθα
1153 2752 1264 2841 παρά-

155 2858 252 2943 βασίς
280 2859 383 2939 ἐστιν,
419 2850 487 2924 άλλ
516 2850 573 2924 οάκ
604 2854 669 2938 ἐχει
700 2856 809 2922 πάντα
835 2855 915 2945 μέρη
949 2862 1006 2945 τῆς
1033 2857 1262 2944 παραβάσεως,

156 2960 236 3028 ἀλλὰ
259 2958 341 3047 μόνα
360 2962 402 3028 τά
426 2961 582 3051 τέσσαρα,
607 2960 663 3048 τὴν
684 2953 779 3048 ᾠδήν,
810 2959 848 3027 τδ
874 2957 1054 3048 ἐπίρρημα,
1083 2960 1140 3049 τὴν
1160 2958 1264 3050 άντω-

156 3061 228 3155 δη’ν,
252 3064 289 3133 τὸ
312 3058 539 3154 άντεπίρρημα.
582 3061 654 3131 ἐστι
684 3069 759 3148 γοῦν
779 3061 798 3152 η
819 3068 972 3147 παροῦσα
1001 3055 1067 3151 ᾠδὴ
1094 3062 1130 3129 ἐκ
1154 3064 1264 3130 κοίλων

157 3166 465 3259 πολοσχηματίστων
488 3164 547 3253 ιβ’.
570 3161 614 3234 ὧν
634 3167 672 3234 τδ
691 3175 823 3254 πρῶτον
837 3162 1050 3254 τετράμετρον
1064 3167 1265 3255 βραχυκατά-

155 3277 270 3363 ληκτον
285 3267 503 3363 άσυνάρτητον
520 3270 758 3360 3προσοδιακὸν
772 3268 1010 3337 άναπαιστδιδν
1023 3273 1225 3355 καλούμενον,
1245 3269 1267 3360 ἢ

157 3378 347 3444 δακτυλικδν
368 3376 581 3464 τετράμετρον
604 3373 832 3463 άκατάληκτον.
856 3374 894 3441 τδ
911 3374 1055 3463 δεύτερον
1070 3367 1265 3440 άναπαιστι-

156 3481 212 3550 κδν
228 3478 377 3568 δίμετρον
393 3476 632 3568 καταληκτικόν.
656 3478 693 3546 τδ
710 3476 820 3566 τρίτον
835 3475 950 3562 ὅμοιον
965 3476 1133 3566 τρίμετρον
1152 3473 1266 3544 άκατά-

156 3587 277 3674 ληκτον,
300 3585 384 3650 κατά
400 3583 457 3673 την
475 3582 586 3672 τρίτην
595 3582 700 3671 χώραν
712 3588 770 3670 τῆς
780 3582 838 3666 μέν
851 3579 934 3672 ᾠδῆς
949 3575 1187 3670 άμφιβράχεος,
1209 3589 1267 3669 τῆς

146 3682 188 3755 ’δ’
212 3682 358 3777 άντῳδῆς
380 3693 530 3776 κρητικοῦ
551 3686 707 3771 κειμένου.
725 3686 763 3752 τὸ
785 3685 937 3772 τέταρτον
958 3685 1185 3772 χοριαμβικόν,
1211 3692 1268 3752 τοῖν

155 3790 303 3878 δευτέρον
317 3790 423 3869 ποδὸς
440 3789 534 3868 ὄντος
549 3786 749 3876 διτροχαίου,
771 3786 940 3876 τρίμετρον
960 3789 1267 3877 βραχυκατάληκτον.

155 3893 193 3961 τὸ
209 3894 242 3961 ε’
264 3890 500 3962 ἀναπαιστικόν
524 3891 673 3980 δίμετρον
696 3888 926 3980 άκατάληκτον.
946 3892 983 3960 τὸ
1007 3889 1040 3974 ς’
1062 3890 1209 3981 δίμετρον
1233 3892 1270 3973 ἐξ

247 4061 260 4113 1
287 4061 361 4114 Fort.
379 4062 442 4128 post
461 4064 507 4112 καὶ
525 4057 624 4113 excidit
648 4063 696 4111 τοῦ
716 4055 892 4128 συστήματος
916 4058 950 4111 ef.
977 4057 1164 4127 antistrophen
1183 4057 1264 4126 (590).

156 4149 173 4202 2
192 4146 342 4200 Scholiasta
360 4144 426 4199 alibi
445 4145 531 4200 altera
549 4144 636 4199 forma
656 4144 866 4216 (ἑηθημιμερές)
886 4145 928 4198 uti
943 4146 1024 4209 solet,
1045 4145 1112 4198 haee
1123 4143 1266 4197 masculini

157 4233 263 4300 generis
281 4234 324 4287 est
342 4232 481 4286 Heliodori
502 4233 619 4302 (ἴαμβος
637 4227 851 4304 ἑφθημιμερής).
950 4232 968 4285 3
985 4229 1183 4305 προσῳδιακὸν
1202 4228 1262 4282 Ald.

157 4317 352 4393 προσοδιακὸν
369 4318 458 4374 Dfibn.
994 4358 995 4361 =

1014 4406 1057 4466 5*
