2864 4846
161 245 195 301 38

156 403 252 469 schol.
278 408 355 477 651,
391 389 479 484 dcp'd
504 393 538 461 οὶ
564 389 800 484 ἀμφοτέρωθεν
828 392 890 476 ἔξω
911 396 1044 475 διπλαῖ,
1082 399 1137 463 sed
1160 419 1267 465 veram

153 490 323 573 lectionem
352 504 480 569 habebis
507 503 623 568 codicis
644 502 681 566 V.
713 502 811 591 signis
842 503 1018 580 carentem,
1064 504 1134 568 tum
1170 503 1267 568 schol

111 618 115 625 '
159 610 239 688 426,
276 607 317 672 τὰ
345 604 381 671 δὲ
401 601 475 693 ’ἑξῆς
509 601 642 688 lupatria
663 603 755 690 μέχρι
778 608 834 668 τοῦ
864 600 1038 685 ,ὑπότεινε
1060 603 1098 692 δι)
1123 610 1193 683 aab
1214 605 1268 669 καὶ

157 708 276 797 κάταγε
297 714 404 775 τοῖσιν
425 704 563 794 κάλιμς,“
585 703 644 773 ἐπὶ
663 713 710 793 τῷ
734 705 819 772 τέλει
841 704 985 796 κοριονίς.
1030 709 1142 775 desunt
1164 712 1268 776 autem

154 819 245 902 signa
266 819 300 881 in
322 834 358 880 eo
381 814 499 880 scholio
522 812 605 897 quod
626 812 721 897 paulo
745 815 817 896 post
838 813 956 896 legitur
978 814 1085 896 (435),
1108 813 1210 900 διπλῆ
1232 810 1268 878 δὲ

158 918 215 985 καὶ
236 918 269 983 ἐν
292 914 440 983 εἶσθέσει
469 915 574 996 στίχοι
596 911 746 998 ἶοιμβικοί
778 911 940 1001 τρίμετροι
965 910 1183 1003 α’καιάληκιοι
1204 910 1266 998 κδ’,

158 1015 202 1088 ὧν
223 1023 405 1097 τελειτοιῖος
433 1070 451 1099 ,,
459 1013 610 1084 ὑπότεινε
631 1018 671 1106 δι)
698 1023 766 1096 πᾶς
775 1025 801 1097 ,“
832 1021 886 1084 ubi
914 1021 1011 1085 iidem
1039 1040 1149 1089 versus
1170 1021 1268 1105 expli-

156 1130 278 1193 cantur.
322 1144 420 1189 unum
447 1126 572 1189 tantum
603 1125 704 1188 restat
734 1124 887 1189 scholium
910 1131 989 1203 319,
1017 1125 1106 1189 cuius
1134 1126 1268 1210 genuina

153 1232 248 1296 lectio
272 1250 308 1295 ac
331 1248 406 1295 vera
426 1229 504 1294 haec
531 1228 592 1292 fuit
614 1227 680 1293 sine
705 1227 817 1307 dubio,
856 1223 1006 1315 κορωιίς,
1042 1227 1180 1316 προΐασι
1209 1228 1268 1316 γὰρ

159 1328 190 1398 οἳ
222 1327 396 1418 ὑποκριταὶ
422 1329 478 1395 καὶ
508 1325 539 1395 οἱ
575 1327 633 1412 μὲν
662 1335 788 1417 πρῶτοι
823 1326 929 1411 στίχοι
960 1325 1077 1414 ἴαμβοι
1106 1328 1268 1419 τρίμετροι

157 1427 374 1522 οἷκοτάλρκιοι
392 1427 453 1512 λς’.
498 1433 702 1500 nihilomiuus
731 1453 793 1499 uno
818 1435 852 1498 in
881 1434 1000 1500 scholio
1028 1437 1156 1519 antiquo
1179 1437 1267 1503 nobis

155 1542 323 1607 occurrunt
346 1540 437 1622 signa
458 1537 492 1602 in
514 1538 594 1617 fine,
625 1557 703 1620 quae
735 1558 754 1603 a
775 1537 958 1604 recentioris
988 1542 1139 1623 temporis
1162 1560 1267 1624 gram·

154 1644 278 1709 maticis
299 1642 407 1708 addita
430 1662 497 1708 esse
521 1662 583 1708 non
605 1643 769 1721 videntur,
799 1662 846 1725 eq.
868 1650 947 1720 973,
978 1641 1190 1729 ποράγραφοι
1211 1641 1268 1726 μὲν

159 1746 272 1822 πέντε,
295 1742 314 1831 ἡ
337 1744 373 1810 δὲ
389 1743 424 1824 ς’
446 1743 501 1809 καὶ
523 1745 605 1827 μετὰ
627 1741 816 1831 κορωνίδος,
839 1746 894 1812 ubi
916 1747 957 1811 ad
977 1747 1183 1832 disiungenda
1204 1749 1268 1813 sin-

155 1853 230 1936 gula
255 1850 442 1916 semichoria
470 1851 711 1933 interponuntur
739 1851 937 1935 paragraphi.
983 1853 1143 1934 quaeritur
1176 1853 1267 1932 enim,

156 1957 264 2021 utrum
300 1955 360 2020 hoc
397 1973 521 2019 carmen
558 1955 847 2038 monostrophicum
878 1974 896 2020 a
925 1957 993 2021 toto
1032 1958 1143 2036 choro,
1181 1976 1222 2021 an
1250 1975 1268 2021 a

157 2057 352 2124 semichoriis
384 2058 615 2123 alternantibus
642 2057 870 2142 pronuntietur,
914 2061 1081 2142 propterea
1110 2061 1170 2125 hoc
1198 2061 1267 2126 loco
1299 2057 1303 2063 '

156 2163 370 2247 paragraphus
386 2163 512 2227 omnino
528 2162 703 2228 necessaria
721 2165 784 2242 ost,
800 2164 897 2229 verba
913 2166 1018 2228 autem
1035 2183 1113 2247 quae
1133 2183 1268 2247 sequun-

158 2267 210 2331 tur
232 2315 249 2345 ‚‚
257 2263 339 2348 μετὰ
362 2260 538 2352 κορωνίδος
546 2271 563 2301 “
593 2266 756 2331 referenda
777 2268 852 2331 sunt
874 2265 914 2331 ad
936 2267 1091 2332 scholium
1114 2275 1176 2334 937
1201 2267 1266 2334 cod.

159 2370 212 2446 V.‚
246 2366 403 2455 (Διπλῆ)
442 2364 494 2432 ὅτι
524 2363 662 2433 εἰσίασιν
697 2364 729 2432 οὶ
762 2364 953 2454 ὑποκριταί,
991 2370 1046 2436 ubi
1077 2370 1267 2437 desideratur

157 2473 277 2537 mentio
304 2472 479 2549 coronidis,
517 2490 595 2554 quae
631 2473 747 2554 ubique
775 2473 809 2537 in
845 2473 972 2539 scholiis
1004 2474 1159 2558 antiquis·
1180 2473 1268 2540 novis

157 2575 349 2640 intrantibus
368 2575 571 2640 histrionibus
593 2574 720 2658 periodo
742 2577 893 2642 metricae
911 2578 1111 2661 proponitur3
1132 2579 1267 2646 vocabu·

158 2679 226 2744 lum
249 2680 355 2743 autem
385 2678 537 2764 „5mest
565 2679 721 2744 hocloco
752 2682 801 2745 est
829 2682 1064 2748 removendum.
1110 2680 1268 2747 alterum¹

158 2783 251 2847 huius
273 2785 319 2849 rei
340 2783 517 2867 exemplum
546 2786 648 2848 exstat
674 2784 708 2848 in
738 2782 835 2849 schol.
858 2804 926 2867 pac.
951 2793 1051 2864 1333,
1089 2781 1123 2849 ἐν
1143 2778 1269 2860 τούτοις

159 2883 312 2972 φέρονται
334 2879 415 2950 κατά
437 2910 526 2963 τινας
541 2884 755 2974 παράγραφοι
770 2888 896 2972 (melius
917 2885 1151 2975 παράγραφοι),
1177 2882 1268 2952 deod

156 2988 253 3075 χορὸς
273 2979 335 3052 ἀνὰ
356 2987 453 3075 μέρος
476 2980 558 3053 αὐτὰ
583 2986 665 3074 λέγῃ,
700 2993 824 3075 praeter
841 2992 919 3057 duos
936 2993 994 3058 hos
1009 2993 1094 3057 locos
1111 3011 1269 3058 summum

159 3092 192 3155 in
215 3111 274 3158 usu
297 3094 486 3183 paragraphi
501 3113 687 3160 consensum
705 3097 905 3178 praebentes,
929 3116 1000 3161 cum
1016 3116 1170 3180 nusquam
1185 3096 1289 3162 eius-¹

160 3194 232 3260 dem
251 3196 308 3261 fiat
330 3198 466 3277 mentio,
493 3199 724 3282 paragraphum
745 3199 778 3262 in
801 3198 939 3265 diverbio
965 3199 1004 3265 ad
1031 3200 1270 3285 significandam

158 3318 361 3382 personarum
381 3302 622 3367 alternationem
644 3303 730 3368 non²
752 3303 925 3370 adhibitam
945 3324 1029 3384 esse,
1052 3324 1175 3371 summa
1195 3316 1269 3370 cum

159 3403 379 3484 probabilitate
401 3405 553 3471 coniicere
577 3405 661 3471 licet.

249 3538 281 3621 3)
304 3538 423 3603 Deinde
445 3558 520 3604 usus
540 3540 610 3617 ille,
640 3559 734 3623 quem
755 3541 838 3626 apud
869 3542 1055 3609 scholiastae
1078 3544 1270 3627 Byzantinos

161 3643 393 3725 cognoscimus,
431 3644 614 3708 nominandi
648 3646 732 3712 totas
767 3645 912 3728 periodos
941 3647 1104 3732 signorum
1134 3646 1271 3712 nomini·

247 3883 262 3936 1
289 3880 363 3946 Quia
383 3879 427 3952 ὑφ’
449 3880 466 3933 b*
486 3882 525 3951 (in
544 3882 626 3937 schol.
647 3885 726 3954 1353)
744 3885 854 3954 respicit
870 3885 952 3940 verba
978 3886 1017 3955 (in
1037 3886 1118 3940 schol.
1138 3887 1217 3955 1329)
1236 3886 1270 3940 τὰ

160 3965 183 4018 ε’
205 3971 253 4018 τοῦ
274 3967 358 4019 αὐτοῦ
376 3971 480 4039 μέτρου
501 3973 549 4021 τοῦ
564 3975 664 4039 χοροῦ,
684 3987 716 4025 ea
734 3988 802 4040 quae
820 3974 968 4040 sequuntur
985 3973 1020 4026 ad
1038 3973 1122 4026 alium
1137 3973 1270 4043 interpre-

67 4127 73 4139 ι
157 4053 214 4105 tem
231 4053 356 4107 ridentur
374 4068 433 4107 esso
453 4053 600 4109 referenda.

245 4158 262 4211 2
288 4155 330 4208 ef.
348 4155 429 4210 schol.
451 4173 509 4226 pac.
529 4158 544 4211 1
567 4158 666 4214 atalia
685 4159 819 4227 permulta
839 4151 911 4228 apud
928 4160 1089 4219 recentiores
1109 4160 1269 4216 scholiastae

157 4242 295 4310 exempla,
320 4243 368 4294 tal
385 4249 445 4303 ταῖς
464 4244 619 4299 (laodiceae
638 4248 685 4298 καὶ
705 4252 742 4314 τῷ
758 4249 829 4299 τέλει
848 4244 1043 4320 πιιριὲμριιφος.
