2864 4846
567 247 674 303 Scholia
692 251 720 302 in
739 249 853 319 equites.
909 248 914 252 ’

243 411 438 472 824—835.
483 399 609 473 δπόταν
628 411 763 490 χασμάτ
785 405 899 495 Annia
922 405 958 472 δὲ
980 405 1034 472 καὶ
1057 402 1204 485 eitonam
1219 404 1267 486 εἰς

155 501 310 593 περίοδον
342 499 581 596 άναπαιστικὴν
616 508 845 596 1τετράμετρον
874 508 929 575 καί
955 507 1176 597 εἰκοσίμετρον
1203 512 1267 576 δω-
1356 509 1359 514 ’

156 607 350 694 δεκάκωλον,
389 603 445 697 [τόν
463 610 502 677 τὸ
523 618 653 699 πρῶτον
671 611 725 678 καὶ
747 615 926 679 τελευταῖον
948 609 1144 702 τετράμετρα
1167 640 1266 679 κατα-

155 709 297 800 λνμτικά.
341 715 382 780 τὰ
411 714 448 781 δὲ
477 714 579 782 λοιπὰ
610 712 754 803 δίμετρα.
799 715 858 782 ἐπὶ
885 722 933 804 τῷ
960 717 1043 785 τέλει
1073 718 1174 806 διπλῆ
1205 714 1267 798 ἔξω

157 822 339 904 νενευκυῖα]

243 947 440 1007 836-910.
486 946 589 1006 πᾶσιν
611 935 826 1026 δνόράποτςι
848 942 962 1029 Λιπλῆ
984 938 1039 1005 καὶ
1059 936 1210 1019 εἶσθεσις
1232 936 1268 1007 οὗ

154 1032 224 1107 κατ’
252 1038 325 1108 ἰ’σον
356 1046 426 1120 τοῖς
456 1033 677 1122 ἀναπαίστοις
707 1040 753 1121 εἷς
784 1041 921 1129 ἶαμβικδι
945 1038 1144 1130 τετράμετρα
1166 1069 1266 1110 κατα-

154 1144 286 1232 λρκτικδι
308 1141 578 1231 [ἳππωνάκτεια]
602 1141 661 1213 σε’.
692 1146 772 1231 [ἐπὶ
793 1152 866 1226 ταῖς
887 1138 1075 1213 άποθέσεσι
1097 1142 1266 1235 παράμρα-
1313 1144 1318 1154 ’

155 1271 227 1336 φας.
265 1247 324 1314 ἐπὶ
353 1249 389 1316 δὲ
411 1256 457 1337 τῷ
485 1248 572 1338 ἄκρῳ
600 1256 658 1316 τοῦ
677 1248 859 1317 τελευταίου
887 1252 989 1340 διπλῆ
1015 1248 1077 1330 ἔξω
1098 1255 1266 1321 νενευκυῖα.

153 1350 238 1430 τινὲς
261 1350 297 1418 δὲ
318 1352 359 1417 τό
384 1348 470 1420 ἓπτδι
493 1358 608 1440 πρῶτα
628 1355 715 1419 κιῦλα
736 1350 781 1432 aig
802 1351 1020 1444 ἀντιστροφὴν
1042 1350 1234 1444 εἰλήφασιν]

244 1481 439 1542 911—940.
484 1473 561 1557 ἐμοῦ
589 1473 647 1558 μὲν
678 1467 761 1542 οδνε
792 1476 906 1562 Λιπλῆ
934 1473 988 1540 καὶ
1024 1471 1194 1554 2εἷ’σθεσις
1220 1471 1267 1553 εἰς

153 1568 326 1660 άμσιβαῖον
352 1577 451 1661 μέλος
478 1584 544 1643 τῶν
571 1575 754 1663 ὑποκριτῶν
778 1573 888 1645 κάλων
910 1576 1083 1665 τριάκοντα
1110 1577 1267 1667 διμέτρων

154 1670 396 1768 άκαταλήκτων,
426 1680 510 1768 πλὴν
531 1688 590 1747 τοῦ
611 1676 849 1770 παρατελεότοσ
870 1681 1081 1771 μονομέτρου,
1115 1680 1267 1772 συνήθως

156 1781 211 1848 καὶ
237 1787 314 1850 3τοῦ
337 1782 520 1851 τελευταίου
541 1781 795 1875 ἓφθημιμεροός.
822 1785 881 1852 ἐπὶ
903 1791 950 1874 τῷ
964 1784 1049 1853 τέλει
1067 1781 1124 1853 tto
1140 1788 1266 1865 διπλαῖ,

156 1883 174 1974 ἡ
195 1885 254 1970 μὲν
276 1883 310 1953 ἐν
333 1879 414 1976 άρχῇ
435 1893 492 1955 τοῦ
513 1885 631 1969 κάλον,
651 1888 670 1976 ἡ
692 1890 728 1957 δὲ
750 1890 832 1956 κατὰ
853 1888 892 1956 τὸ
913 1888 1012 1970 τέλος.

245 2013 444 2073 etr-942:
487 1999 520 2073 εδ
545 2031 580 2093 με
602 2005 638 2095 νὴ
659 2006 715 2073 τδν
736 2004 828 2075 Alc:
854 2010 967 2097 Διπλῆ
993 2008 1069 2074 4καὶ
1090 2014 1150 2074 τοῦ
1170 2013 1267 2094 χοροῦ

156 2108 189 2176 ἐν
206 2107 408 2176 ἕπεισδὲσει.
433 2099 477 2175 ὦν
501 2110 538 2177 τδ
561 2117 692 2199 πρῶτον
714 2111 750 2178 ἐκ
771 2115 941 2200 τροχαϊκῆς
961 2108 1090 2196 βάσεως
1112 2112 1167 2178 καὶ
1189 2104 1267 2178 άνα-

142 2217 347 2302 «παιστικῇς,
377 2213 432 2280 καὶ
461 2209 684 2302 ἓφδρμιμερές
705 2212 892 2303 ἢἸωνικδν,
928 2208 998 2282 άπδ
1018 2215 1077 2300 μὲν
1096 2215 1266 2304 τριμέτρου

156 2314 395 2407 καταληκτικόν.
445 2317 658 2406 ἀτακτότερον
704 2317 740 2385 δὲ
777 2317 840 2401 ἕλκει
875 2319 932 2407 τὴν
968 2319 1138 2409 τροχαϊκὴν
1171 2316 1267 2405 βάσιν

160 2419 374 2511 5ἓπτάσημον.
395 2420 433 2486 τδ
456 2419 492 2487 δὲ
511 2420 659 2508 δεύτερον
682 2422 926 2510 πενθιμιιμερές
948 2421 1056 2488 κοινὸν
1079 2423 1266 2490 δακτυλικδν

157 2525 212 2593 καὶ
242 2519 485 2591 ἀναπαιστικόν.
526 2521 678 2613 ἐπίτηδες
709 2525 940 2611 διαλελυμένως
960 2525 1015 2593 τδν
1043 2525 1141 2608 πεζὸν
1162 2526 1266 2612 λόγον.

157 2626 227 2697 ἔστι
250 2627 286 2696 δὲ
309 2626 417 2696 πολλά
440 2626 495 2694 καὶ
516 2628 592 2716 παρ’
619 2625 778 2694 Εὐπόλιδι
800 2628 1048 2717 σεσημειωμένα.

245 2758 442 2817 943—972.
487 2745 558 2834 [καί
579 2773 635 2833 μοι
658 2751 771 2816 δοκεῖ;
794 2748 943 2837 Κορωνὶς
964 2747 1078 2838 ἑτέρων
1100 2746 1267 2817 εἰσιόντων

156 2857 219 2920 τῶν
237 2851 431 2941 ὑποκριτῶν.
457 2847 488 2918 oi
510 2850 546 2920 δὲ
569 2849 673 2934 στίχοι
697 2850 1030 2942 ιάμβικοὶτρίμετροι
1045 2850 1267 2944 άκατάληκιοι

157 2955 191 3023 λ’.
222 2949 266 3022 ὧν
286 2959 469 3036 τελευταῖος

368 3076 430 3130 ἰδοὺ
450 3075 520 3130 ἰδού.
534 3063 579 3143 νὴ
600 3075 651 3131 τὸν
669 3078 720 3130 Δί’
740 3079 822 3132 οὐδὲν
839 3077 946 3132 κωλόιι.

157 3178 216 3246 ἐπὶ
238 3185 284 3267 τῷ
307 3177 391 3246 τέλει
414 3177 570 3268 κορωνίς]

247 3411 262 3465 1
280 3408 432 3477 Legebatur
450 3407 522 3476 apud
533 3407 707 3463 Heliodorum
727 3414 1050 3480 τεσσαριιεικοσλμετρσν.
1128 3408 1146 3460 2
1166 3408 1267 3462 Recen-

157 3498 210 3552 tior
238 3494 383 3549 scholiasta
407 3495 475 3549 hanc
502 3493 642 3561 periodum
670 3496 783 3546 ἔκθεσιν
811 3500 857 3560 τῆς
881 3497 981 3559 διπλῆς
1007 3508 1064 3546 esse
1089 3492 1161 3557 vult,
1196 3492 1268 3562 quod

157 3582 278 3637 indicant
302 3579 352 3634 δύο
379 3582 479 3634 διπλαῖ
507 3581 536 3634 in
562 3581 614 3634 fine
638 3583 866 3634 commemoratae.
972 3580 1083 3634 3Alius
1108 3583 1267 3648 grammati·

159 3686 204 3724 cus
232 3668 371 3722 Heliodori
403 3667 580 3736 explicatione
608 3683 672 3721 usus
701 3666 751 3721 hoc
780 3666 869 3721 addit:
907 3663 1009 3741 Ἄλλως.
1046 3667 1175 3720 ἐντεῦθεν
1198 3667 1267 3738 μετὰ

159 3755 189 3809 τὸ
210 3755 257 3808 κδ’
277 3758 366 3810 κῶλον
386 3755 559 3826 διακέκριται
580 3760 637 3813 τοῖς
655 3751 827 3824 προσώποις,
847 3756 903 3806 εἰσὶ
921 3754 950 3805 δὲ
971 3756 1019 3804 ἴσα
1032 3749 1089 3803 ὅλα.
1109 3756 1155 3803 καὶ
1168 3752 1269 3824 ὅμοιον

158 3847 236 3894 ποιεῖ
251 3839 280 3893 τὸ
297 3839 363 3895 ὅλον
380 3838 558 3912 περιοδικόν.
580 3838 610 3892 τὸ
630 3841 660 3893 δὲ
679 3843 835 3894 τελευταῖον
855 3840 951 3912 ἑτέραν
970 3838 1027 3908 ἔχει
1048 3838 1198 3910 διαίρεσιν,
1218 3837 1273 3904 τὴν,

159 3932 199 3987 εἰς
223 3932 369 4000 τρίμετρον
393 3922 599 3992 καταληκτικόν.
635 3924 668 3980 cf.
694 3928 888 4000 κωλομετρίαν.
917 3955 952 3964 -
987 3928 1124 3994 τρίμετρα
1151 3926 1268 3990 καταλη-

159 4009 240 4065 κτικὰ
263 4015 293 4066 Θ.
400 4013 416 4066 4
434 4011 475 4064 De
493 4010 543 4065 hoo
559 4010 658 4065 scholio
677 4010 739 4065 vide
757 4014 952 4085 κωλομετρλιιν.
981 4007 1070 4062 Verba
1090 3997 1129 4063 ὧν
1146 4007 1177 4060 τὸ
1197 4013 1270 4082 πρῶ-

158 4116 209 4150 τον
232 4126 265 4135 -
289 4097 415 4162 ἐπίτηδες
445 4098 508 4151 sunt
532 4097 686 4151 recentioris
710 4097 879 4165 grammatici
902 4096 963 4150 fort,
983 4095 1022 4147 eie
1039 4093 1205 4148 emendanda
1224 4099 1270 4146 καὶ

162 4182 368 4236 άναπαιστικοῦ
388 4187 618 4253 ιτενδημιμεροῦς
637 4182 664 4252 [ἢ
682 4181 805 4235 Ἰωνικοῦ
831 4180 887 4233 ἀπὸ
905 4184 1035 4251 μείζονος
1058 4184 1203 4254 τριμέτρων
1221 4201 1269 4232 κα-

156 4267 347 4340 calamaci}
453 4267 470 4323 5
488 4270 627 4338 ἐπίσημον
644 4267 711 4332 εστὶ,
730 4266 801 4337 quod
818 4265 906 4321 Dran.
924 4264 1083 4321 emendavit.
