2864 4846
619 248 726 303 Scholia
746 249 774 303 in
794 249 906 320 equites.

298 412 538 471 1067-1069.
582 401 724 494 Αἰγείδη
747 400 924 494 φράσσαιε
959 403 1011 472 Ἐν
1042 404 1175 474 ἐκθέσει
1204 406 1316 474 ἐπικοὶ

207 511 301 595 τρεῖς.
330 505 401 592 [ἐπὶ
421 512 468 596 τῶ
486 507 572 575 τέλει
595 509 834 599 παράγραφος]
1161 568 1165 573 .

299 621 537 681 1070-1079.
583 606 639 699 [αὖ
669 610 764 680 τοῦτό
786 637 915 704 φησινε
946 611 987 681 Οὶ
1009 611 1081 703 ἑξῆς
1103 607 1191 681 οὗτοι
1211 612 1317 697 στίχοι

207 712 356 800 ὶαμβικοί
383 714 448 783 είσι
475 714 638 806 τρίμετροι
667 712 879 807 ἆκατοίληκτοι
910 714 1005 786 ὀκτώ.
1047 714 1120 807 ἑξῆς
1147 718 1183 786 δέ
1213 722 1316 786 κῶλον

208 816 362 905 ἰαμβικὸν
389 819 587 909 μονόμετρον
616 821 925 911 βραχικατιίληκτον.
970 820 1120 888 λείπεται
1155 821 1214 909 γὰρ
1242 820 1318 891 ὅλοι·

208 923 314 1003 ποδὸς
335 923 422 1010 πρὸς
441 923 499 1013 τὸν
518 922 674 1010 συζυγίαν,
702 924 772 991 ’καὶ
796 922 866 1014 ἑξῆς
885 919 926 990 αδ
950 922 1055 1007 στίχοι
1077 922 1225 1011 ίαμβικοὶ
1246 923 1317 1014 τρί-

207 1037 318 1116 μετροι
340 1023 557 1115 οίκατιίλιμτοι
577 1024 641 1095 δίο.
670 1027 729 1095 ἐπὶ
750 1033 796 1116 τῷ
817 1028 902 1096 τέλει
926 1024 1164 1117 παροίχραφος]

298 1139 533 1202 1080-1095.
579 1125 660 1217 [ἀλλ’
684 1130 757 1200 ἐτιι
788 1130 840 1198 Ἐν
864 1132 994 1200 ἐκθέσει
1015 1132 1116 1199 ἐπικὸι
1138 1130 1317 1200 ἑκκαίδεκα.

138 1274 140 1279 ·
208 1234 267 1301 ἐπὶ
286 1242 332 1323 τῷ
352 1234 437 1301 τέλει
460 1231 679 1326 παράχραφος
699 1236 754 1303 καὶ
774 1235 920 1326 κορωνίς,
944 1234 987 1316 ῶς
1011 1234 1154 1327 εἴρηται]

297 1349 537 1407 1096--1110,
589 1338 662 1425 [ὶοὸ
689 1338 768 1407 ὶούτ
796 1340 956 1420 ’Έκδεσις
986 1347 1044 1431 τῆς
1079 1339 1254 1430 κορωνίδος
1282 1338 1351 1409 ἐκ·

208 1440 325 1526 στίχων
356 1442 527 1530 ὶαμβικῶν,
554 1437 600 1510 ῶν
631 1443 891 1533 προτίθεταιτὸ
913 1444 1019 1533 παρὸν
1040 1447 1143 1512 κῶλον
1167 1443 1319 1531 ἰαμβικὸν

208 1547 407 1635 μονόμετρον
428 1545 659 1637 ἄκατιίληκτον.
699 1545 731 1614 οὶ
755 1549 792 1616 δέ
819 1547 882 1616 εἰσι
910 1547 1075 1638 τρίμετροι
1097 1545 1154 1616 ιδ’.
1190 1549 1249 1616 ἐπὶ
1272 1555 1320 1638 τῷ
1345 1576 1348 1582 ’

209 1651 293 1719 τέλει
315 1651 450 1739 κορωνὶς
472 1649 620 1734 ἐξιόντων
642 1659 705 1720 τῶν
722 1651 932 1741 ὑποκριτῶν]

229 1770 232 1775 ’
299 1765 537 1824 1111-1150.
583 1749 609 1822 ὦ
630 1759 737 1846 δῆμοι
772 1760 904 1846 1ᾼίιπίῆ
926 1756 982 1823 καὶ
1012 1754 1161 1837 είσθεσις
1183 1758 1238 1823 καὶ
1260 1755 1319 1841 με’-

210 1862 265 1940 λος
286 1858 543 1950 μονοστροφικὸν
574 1857 749 1946 σίμοιβαῖον
775 1861 936 1948 περιόδων
966 1856 1147 1948 τεσσάρων,
1186 1860 1322 1941 ἐναλλὰξ

209 1969 266 2032 τοῦ
285 1969 383 2052 χοροῦ
403 1964 436 2030 ἐν
458 1963 599 2031 ἐκθέσει.
623 1960 800 2032 δεκοίνωλοι
823 1965 860 2031 δέ
882 1962 964 2032 εἰσιν
984 1961 1017 2031 αὶ
1034 1962 1193 2050 περίοδοι.
1222 1957 1320 2031 Ἰωνι-

211 2067 268 2136 κὸν
293 2067 329 2134 δέ
352 2060 420 2135 τίπὸ
440 2065 586 2152 μείζονος
608 2068 658 2153 [τὸ
679 2068 821 2157 μέτρον].
860 2060 902 2134 ῶν
923 2068 963 2133 τὸ
983 2067 1043 2151 μέν
1067 2068 1153 2134 ἐστιν
1175 2063 1320 2156 ἐφδημι-

210 2175 304 2261 μερῆ,
327 2171 382 2238 δίο
407 2171 442 2239 δὲ
462 2168 608 2262 ἡμιόλια,
631 2171 669 2238 τὸ
692 2171 844 2260 τέταρτον
866 2172 980 2238 καὶτὸ
1004 2172 1146 2239 δέκατον.
1180 2169 1322 2260 [εὸρηται

880 2269 1050 2298 1)))

211 2276 248 2342 δέ
270 2276 353 2342 κατὰ
374 2276 431 2365 τὴν
453 2275 582 2364 πρῶτον
607 2271 713 2364 χώραν
739 2277 794 2342 καὶ
821 2302 930 2342 παιιον
951 2302 1011 2342 αντ
1046 2282 1185 2342 Ιωνικσῦ.
1216 2274 1263 2341 ’ἐν
1285 2273 1321 2340 δέ

211 2401 278 2445 τισι
297 2378 352 2446 καὶ
375 2380 565 2466 διτριίχαιος.
609 2372 659 2468 ἐφ)
689 2375 807 2469 ἑκάστῃ
835 2380 981 2468 περιόδῳ
1009 2379 1232 2468 παροίχραφος.
1262 2377 1320 2445 ἐπὶ

211 2488 258 2571 τῷ
277 2484 360 2551 τέλει
384 2489 441 2574 τῆς
461 2483 614 2572 τετάρτης
634 2483 848 2574 παροίχραφος
871 2487 925 2551 καὶ
948 2483 1103 2574 κορωνὶς]

303 2595 542 2655 1151-1262.
598 2580 696 2675 ὸίπαχί
730 2589 764 2668 ἐς
790 2586 952 2676 μακαρίαν
979 2615 987 2656 :
1022 2585 1195 2676 [Κορωνὶς
1223 2581 1322 2667 αὖθις

212 2688 306 2782 ἐτέρα
336 2689 502 2761 εἰσιόντων
530 2700 595 2759 τῶν
616 2690 808 2778 ὑποκριτῶν.
840 2689 871 2758 οἳ
894 2693 930 2760 δέ
952 2690 1057 2775 στίχοι
1082 2690 1229 2777 ὶαμβικσὶ
1252 2688 1320 2777 τρί-

212 2822 323 2886 μετροι
345 2796 559 2886 ἀκατάληκτοι
581 2792 656 2885 ριδ’,
681 2796 764 2886 πλὴν
783 2802 841 2862 τοῦ
860 2795 924 2884 ms
952 2792 1107 2880 ὶαμβικοδ
1125 2793 1322 2880 μονομέτροα

214 2901 522 2992 βραχικαταλήκτον.
552 2893 595 2966 ῶν
619 2897 636 2968 ὸ
658 2903 842 2978 τελευταῖος

424 3025 496 3076 ἰδεῖν
515 3022 621 3095 ἀμείνω
639 3029 671 3096 τῇ
690 3027 853 3109 Κεχηναίων
871 3018 958 3075 πόλει.

214 3120 272 3187 ἐπὶ
295 3129 341 3209 τῷ
365 3121 449 3189 τέλει
471 3122 646 3209 κορωνὶς]
776 3198 779 3203 ,

305 3235 542 3294 1263--1273,
587 3227 736 3317 Κορωνὶς
769 3227 840 3295 2δέ·
871 3224 977 3309 ἐξίασι
998 3226 1059 3315 χὸιρ
1083 3223 1115 3293 οὶ
1137 3222 1322 3311 ὸποκριταί.

149 3378 152 3383 -
214 3328 270 3395 καὶ
288 3326 359 3396 ἐστι
383 3328 510 3417 συζυγία
541 3330 800 3421 ἐπίρρηματικήμ
822 3325 859 3420 ἧς
881 3328 913 3397 αὶ
938 3330 996 3415 μὲν
1024 3332 1152 3414 μελικαὶ
1173 3327 1323 3416 περίοδοι

215 3430 392 3500 δεκάκωλοί
413 3432 485 3500 εἱσι.
508 3435 561 3501 καὶ
586 3422 687 3501 αἰτῶν
706 3435 743 3503 τὸ
766 3435 826 3519 μὲν
848 3440 979 3523 πρῶτον
1002 3433 1153 3519 ἰαμβικὸν
1175 3430 1323 3521 ἐφέὶημι-

213 3536 321 3625 μερίς,
362 3537 400 3626 [ἢ
431 3536 468 3619 ἐξ
494 3532 719 3609 σίντισποίστου
751 3537 805 3604 καὶ
834 3538 1022 3644 χοριοίμβοσ)
1046 3536 1194 3626 δίμετρον
1223 3534 1324 3622 ὸπερ-

215 3636 434 3729 νατοίληκτον].
480 3639 575 3720 τὸδὲ
595 3636 631 3726 β’
652 3639 842 3710 δακτυλικὸν
868 3639 1004 3730 τρίπουν
1032 3639 1080 3720 είς
1103 3637 1323 3725 δισνὶλαβίαν.
1417 3721 1421 3727 ¹

217 3743 273 3829 [τὸ
298 3742 405 3830 τρίτον
434 3744 470 3825 ἐξ
497 3742 664 3833 ἐπιτρίτου
689 3744 855 3834 δευτέρον,
892 3740 1069 3833 χοριάμβοτ
1098 3745 1154 3811 καὶ
1182 3736 1324 3835 Ἰωνικοῦ

216 3841 273 3914 ἀπ’
312 3847 483 3928 ἐλάττονος
523 3847 692 3937 τρίμετρον
725 3845 973 3938 οίκατοίλιχκτον]
1019 3848 1057 3915 τὸ
1091 3845 1124 3916 δ’
1159 3845 1325 3936 τροχαϊκὸν
1417 3880 1421 3885 ·

215 3949 350 4040 τρίπσιν
370 3948 597 4040 ἐφθιχιιμερές.
629 3951 666 4018 τὸ
687 3949 714 4018 ε’
738 3952 855 4029 ἐπικὸν
879 3951 1108 4041 ἐφέίημιμερές.
1129 3951 1168 4019 τὸ
1190 3946 1226 4032 ς’
1250 3948 1326 4033 ὶαμ-

216 4055 309 4140 βικὸν
331 4052 480 4142 δίμετρον
501 4051 729 4145 δκατόληκτον.
755 4057 792 4124 τὸ
814 4053 843 4137 ζ’
864 4056 1033 4143 τροχαϊκὸν
1055 4054 1205 4142 δίμετρον
1227 4052 1326 4138 ὸπερ-

304 4271 319 4326 1
336 4266 378 4323 Cf.
402 4263 600 4339 κωίὸμιτρίσν.
706 4267 723 4322 2
741 4266 782 4322 Cf.
801 4259 999 4341 κωλομετρίαν,
1093 4302 1100 4307 ·>
