2864 4846
546 268 652 329 Scholia
670 272 700 328 in
717 272 811 329 nubes.
1195 273 1231 330 45

120 427 192 499 ἔστι
214 429 251 499 δέ
269 430 308 499 τὸ
322 429 429 520 ιταρδν
444 425 608 520 ἐπίρρημα
630 427 667 496 ἐκ
686 425 803 511 στίχων
817 429 992 519 τροχαίκῶν
1007 427 1229 518 τετραμέτρων

121 536 362 631 καταληκτικῶν
384 529 449 616 ις’·
470 526 513 601 ὦν
534 535 717 613 τελευταῖος

204 654 207 659 “
261 655 315 737 κάν
332 657 362 711 ἰν
379 654 515 726 Λῐχιίιττηι
535 660 631 725 τυχεῖν
649 652 689 709 ὧν
706 655 815 736 μᾶλλον
832 650 849 722 ἢ
867 658 960 730 κρῖναι
979 647 1097 734 nanos]

186 836 188 840 .
212 762 469 845 1130-1153.¹
493 772 655 861 πέμπτηι
679 769 846 863 [Κορωνὶς
867 765 1034 840 εἰσιόντων
1061 777 1125 838 τῶν
1147 769 1243 853 ὑπο(

121 886 238 970 κριτῶν
259 879 315 948 καί
339 876 494 956 1ἔκδυσις
516 876 609 964 ιταρδι
640 877 715 956 τοὺς
735 873 975 971 τετραμέτρους.
1013 872 1085 944 έστι
1107 876 1169 963 γὰρ
1191 876 1232 944 τά
1308 884 1311 889 ’

123 983 195 1076 ἑξῆς
217 982 352 1070 ἰαμβικὰ
373 978 528 1071 τρίμετρα
548 974 625 1068 κχ’.]

213 1129 348 1191 1154-
358 1127 451 1186 1169.
494 1108 669 1204 βοάσυμ”
654 1112 741 1239 άραι
764 1117 898 1205 [[Διτολῆ
922 1115 998 1183 2καί
1018 1111 1215 1196 εἴσδυσις
1186 1141 1235 1196 εις

123 1226 220 1312 μέλος
234 1217 418 1311 άμοιβαῖον
438 1226 503 1289 τῶν
523 1219 713 1309 υτοοκριτῶν
742 1215 1033 1299 θείκοσάκωλος
998 1245 1036 1287 το
1058 1219 1118 1305 μὲν
1141 1243 1235 1307 ιορω-

123 1354 181 1396 τον
204 1328 241 1410 ἐξ
262 1324 415 1416 ἰαμβικῆς
440 1319 584 1410 βάσεως,
623 1331 686 1391 τῶν
707 1320 769 1412 άρα
797 1318 853 1391 δάο
880 1314 1036 1411 βραχειῶν
1066 1315 1137 1390 άντί
1158 1329 1236 1409 μιᾶς
1272 1330 1276 1338 “

124 1436 251 1521 μακροῖς
256 1429 487 1517 λογιζομένων
510 1428 566 1496 καί
587 1431 758 1518 τρσχαίκοῦ
781 1432 1074 1516 πενθημιμεροῢς.
1079 1452 1117 1496 το
1106 1422 1235 1495 δεάιε-

126 1540 181 1622 ’ρον
202 1533 240 1615 ἐξ
259 1530 413 1635 ἰαμβικῆς
433 1530 561 1618 βάσεως
580 1531 637 1599 καὶ
658 1534 829 1622 τροχαῖκοῢ
851 1526 1103 1658 ἓφθημιμεροῢς.
1135 1530 1177 1596 τὰ
1199 1530 1235 1599 δέ

125 1633 199 1728 έξῆς
227 1634 285 1704 δύο
312 1629 449 1723 ἰαμβικὰ
478 1633 637 1725 τρίμετρα
659 1627 873 1724 άκατάληκτα.
915 1625 1030 1719 μεθΗ
1019 1660 1041 1700 α
1032 1628 1235 1701 δακτυλικοί

127 1747 284 1831 πενθημιι
271 1745 353 1830 μερῆ
375 1737 459 1829 τρία.
499 1742 537 1806 τὸ
566 1735 680 1825 ἰίχδυον
702 1737 739 1820 ἐξ
752 1731 892 1819 Ἰωνικοῦ
921 1729 991 1805 άιοδ
1013 1734 1161 1823 μείζονος
1179 1736 1236 1806 καί

118 1841 251 1933 χορείου
282 1841 438 1943 δίμοιρον.
475 1842 514 1911 τὸ
535 1840 649 1914 ένατον
679 1840 758 1924 ἐξ
744 1839 918 1933 ετοιτρίτων
944 1845 1060 1931 τρίτων
1088 1839 1237 1939 δίμετρον
1327 1916 1330 1923 ,

126 1937 420 2037 υιοερκατάληκτον.
440 1972 480 2014 το
468 1944 634 2015 δέκατον
650 1943 687 2014 έκ
702 1943 884 2035 διτροχαίου
898 1944 955 2012 καί
981 1941 1237 2030 ἰάντισιοάστυυ,
1262 1936 1264 1940 ’

127 2047 193 2120 εἴτε
215 2048 383 2140 ἐπιτρίτου
411 2045 562 2140 τετάρτου
591 2077 646 2118 και
636 2045 831 2136 διιάμβου
867 2048 909 2117 τδι
930 2045 1003 2138 ἑξῆς
1025 2044 1082 2116 δύο
1102 2073 1237 2137 χοριαμ-

127 2152 206 2239 βικδι
220 2151 355 2242 δίμετρα
369 2153 663 2242 βραχυκατάληκτα.
677 2153 715 2223 τὸ
730 2151 1027 2245 τρισκαιδέκατον
1011 2177 1048 2220 εκ
1060 2152 1238 2241 χοριάμβου

129 2255 185 2323 καί
212 2253 393 2325 σπονδείσυ.
436 2256 474 2325 τὸ
504 2252 551 2325 ιδ’
580 2259 777 2346 σπονδειακῆ
809 2253 1019 2324 ταυτοιοοδία.
1060 2255 1099 2325 τὸ
1129 2252 1171 2323 ιε’
1203 2255 1239 2325 ἐκ

129 2346 276 2441 ιοαίωνος
296 2357 449 2448 τετάρτου
469 2360 525 2428 καί
547 2356 675 2447 ἰάμβου.
697 2361 736 2429 τὸ
752 2355 800 2442 ις’
823 2357 1062 2428 οἰνατταιστικδν
1087 2357 1238 2451 δίμετρον

130 2455 357 2553 άκατάληκτσν.
396 2465 434 2534 τδ
462 2463 507 2548 ιζ
532 2462 723 2534 δακτυλικὸν
750 2461 899 2554 δίμετρον
930 2455 1159 2588 άκατάληκτον.
1200 2463 1248 2549 τὸΙ

131 2564 177 2689 ιη’
198 2563 311 2652 ὅμοιον
335 2574 382 2657 τῷ
407 2564 479 2636 5ιεῖ
501 2568 543 2635 τὰ
566 2565 639 2658 εξῆς
660 2570 750 2657 δῆλα
780 2568 927 2658 ζητητέον
950 2567 987 2636 δέ
1008 2565 1087 2655 ιοερί
1108 2563 1238 2678 πάντων

131 2664 228 2761 άκριβ
229 2672 387 2763 έστερονῆ

220 2817 356 2879 1170-
365 2817 458 2877 1205.
502 2807 540 2878 τὸ
563 2805 615 2904 ἰοῦΙ
635 2805 687 2877 ἰοῦ
709 2808 769 2878 έτοί
785 2813 887 2899 χαράς
908 2812 1123 2898 τιερισιοάται.
1145 2803 1239 2915 (Ἄλ-

182 3065 187 3073 “
219 3072 236 3126 1
254 3074 378 3130 secessas
396 3070 425 3125 st
440 3071 496 3123 εισι
515 3068 572 3143 γὰρ
590 3068 624 3124 R.
641 3066 692 3123 hoc
710 3068 841 3125 scholium
853 3068 899 3138 ‚ob
915 3066 998 3125 verba
1022 3071 1147 3136 εἴσσωις
1163 3071 1240 3146 παρὰ

132 3153 195 3216 τοὺς
207 3159 403 3232 τετραμέτρους
415 3155 450 3211 ci.
467 3159 660 3230 κωλομετρίαν
670 3154 706 3213 ed
715 3156 889 3212 Heliodorum
901 3158 943 3212 est
953 3152 1130 3212 referendum.
1150 3155 1241 3211 omisit

132 3243 268 3306 recentior,
278 3242 425 3304 scholiasta
441 3243 471 3298 in
485 3241 622 3303 finehoo:
640 3242 688 3298 ἐπὶ
706 3249 744 3312 τῷ
762 3246 833 3297 τέλει
852 3249 979 3314 κορωνίς.
1061 3242 1078 3296 2
1099 3246 1147 3297 καὶ
1164 3243 1241 3300 addi·

133 3327 173 3383 dit
191 3325 347 3385 Dindorfius
362 3329 476 3394 iniuria,
496 3329 560 3399 quia
578 3329 724 3386 scholiasta
741 3329 791 3385 hoc
806 3329 884 3384 modo
895 3329 978 3407 verba
989 3327 1130 3386 Heliodori
1142 3330 1241 3399 (διπλῆ

133 3418 180 3467 καὶ
197 3417 329 3486 cicestra)
348 3418 452 3472 mutare
471 3416 608 3478 selenci.
628 3415 691 3472 nub.
705 3418 770 3483 520,
789 3417 873 3489 equit
886 3418 945 3474 303.
1021 3413 1243 3476 δεὶκοσάκωλος

131 3491 304 3556 referendum
323 3503 358 3558 ad
382 3507 517 3567 εἴσδυσις,
549 3502 624 3559 cuius
646 3519 737 3560 veram
762 3503 998 3583 significationem
1018 3502 1165 3561 scholiasta
1188 3518 1242 3558 non

132 3587 277 3655 intellexit,
302 3589 464 3645 Heliodorus
488 3589 633 3660 scripserat
652 3589 845 3647 εἰκοσάκωλον.
949 3591 968 3646 4
985 3594 1036 3646 καί·
1048 3586 1242 3650 άντισττάστου

132 3673 238 3741 Herm,
258 3665 479 3731 Ιτίντιστταστικοῦ
495 3674 556 3734 hld.
645 3677 713 3732 5111
729 3678 814 3750 Regio
833 3679 963 3749 seriptum
981 3675 1068 3733 δίποδι
1088 3675 1123 3730 σὺ
1142 3674 1242 3746 λαβών,
1299 3667 1303 3673 ’

133 3762 295 3831 respondens
314 3762 445 3819 sedecimo
468 3762 509 3817 δδ
529 3764 634 3823 ἐκεῖνος
653 3762 736 3839 ἀνήρ,
767 3781 827 3820 cum
850 3764 902 3820 hac
917 3763 1109 3834 explicatione:
1137 3761 1169 3816 τὸ
1188 3762 1242 3838 γὰρ

134 3853 166 3900 ec
184 3846 263 3916 κοινῆ
280 3849 345 3902 »ἐστι
364 3847 498 3923 συλλαβή,
530 3847 574 3909 εἰς·
587 3851 674 3920 λῆγον
692 3854 732 3911 εἰς
752 3856 837 3925 μέρος
854 3850 955 3922 λόγον,
983 3855 1107 3925 χρῶνται
1130 3849 1162 3903 δὲ
1183 3855 1243 3909 ταῖς

134 3931 275 3994 τοιαύταις
293 3940 400 3996 κοιναῖς
419 3931 568 4006 συλλαβαῖς
584 3938 613 3988 οἰ
631 3935 823 4012 ὶαμβοχράφοι
838 3939 867 3992 ἔν
885 3935 991 4010 μόνοις
1004 3938 1180 3994 δακτυλικοῖς
1196 3936 1243 3989 καὶ

135 4018 346 4082 ἀναπαιστικοῖς
365 4027 486 4092 στίχοις,
510 4021 540 4075 ἐκ
559 4025 699 4093 ἰαμβικοΐς
716 4024 749 4077 δὲ
766 4022 903 4097 οὐδαμῶς.
922 4023 1010 4080 Dabo.
1046 4022 1187 4094 legebatur
1206 4027 1243 4092 τῷ

89 4103 92 4108 ’
136 4103 181 4171 ις’,
200 4105 387 4176 quodfalsum
407 4109 456 4166 est.
492 4107 638 4164 scholiasta
655 4107 763 4165 videtur
779 4110 892 4180 legisse,
917 4114 949 4166 ut
965 4127 1014 4166 nos
1034 4108 1265 4187 emendavimus„

39 4189 44 4197 “
136 4186 222 4244 λοισι
242 4208 287 4246 σοι
305 4192 404 4264 λαβών.
440 4197 522 4266 atquc
539 4195 581 4251 ita
598 4192 665 4251 ha'oc
682 4186 766 4252 verba
783 4196 876 4252 codem
898 4199 983 4254 metro
1007 4199 1083 4261 sunt,
1114 4212 1171 4267 qao·
1186 4194 1243 4261 illa,

137 4272 180 4329 ιίϊε
197 4283 248 4331 σοῦ
266 4279 385 4354 πατρός,
412 4281 441 4336 in
459 4281 556 4354 quibus
570 4281 717 4342 scholiasta
733 4284 850 4356 primam
872 4285 902 4343 in
920 4284 964 4342 ἄϊε
981 4283 1118 4354 corripuit.
1150 4283 1241 4340 Herm.
