2864 4846
153 213 188 268 44
575 217 682 273 Scholia
700 217 729 272 in
746 217 838 273 nubes.

152 367 188 437 ἐκ
207 364 317 437 κώλων
341 378 561 461 χοριαμβικών
586 373 862 462 ἐπιμεμιγμένων,
900 372 946 456 ώς
967 374 1008 443 τά
1033 383 1091 467 τῆς
1120 381 1264 467 στροφῆς

151 469 228 541 καθ’
249 473 385 543 ἕκαστον
407 472 544 561 ἐχόντων
566 478 661 565 δέκα,
686 480 772 569 πλὴν
792 485 849 548 τοῦ
871 478 1028 566 πέμπτου
1042 478 1078 562 ἐξ
1094 478 1264 570 ἐπιτρίτου

153 579 208 646 καί
230 576 384 667 διιάμβου
414 581 639 670 συγκειμένου,
674 584 731 651 καί
758 588 815 652 τοῦ
843 580 982 670 ἑβδόμου
1011 583 1049 652 ἐκ
1074 582 1263 674 χοριάμβου,

152 677 273 769 ἰάμβου
295 682 351 751 καί
373 677 606 756 άντισπάστου.
644 685 677 755 ἐν
699 687 832 756 ἐκθέσει
854 688 891 757 δέ
913 685 1016 772 στίχοι
1035 684 1092 756 δύο
1113 686 1263 776 ίαμβικοί

152 785 360 879 τετράμετροι
389 789 633 880 καταληκτικοί,
669 787 777 877 ὅμοιοι
802 796 874 872 τοῖς
903 788 984 882 ἑξῆς.
1029 791 1089 861 ἐπὶ
1107 797 1155 883 τῷ
1176 793 1263 860 τέλει

153 891 209 961 δίο
246 895 366 962 διπλαῖ
402 891 464 977 ἐξω
493 900 687 980 νενευκυίαι,
724 893 743 986 ἦ
775 895 833 982 μέν
868 895 902 964 ἐν
931 888 1027 987 άρχῇ,
1067 892 1087 985 ἡ
1113 897 1150 966 δέ
1179 897 1261 964 κατὰ

152 997 191 1066 τὸ
212 996 332 1087 τέλοςλ

243 1127 327 1187 1036
340 1157 377 1169 -
390 1128 484 1188 1084.
530 1120 609 1209 βκαὶ
630 1121 695 1211 μὴν
717 1116 795 1189 πάλ>
817 1113 907 1209 ἔγωγ’
922 1116 1100 1211 ἐπνιγόμην
1116 1145 1124 1189 :
1140 1116 1265 1189 Εἴσθε-

154 1244 207 1302 σις
228 1218 341 1310 ἐτέρας
370 1225 487 1314 διπλῆς
516 1218 695 1313 ἀμοιβαῖος
722 1224 758 1291 ἐκ
784 1222 901 1308 στίχων
926 1223 1086 1312 ίαμβικών
1109 1222 1265 1315 τετραμέ-

154 1351 238 1416 τριον
258 1331 499 1419 καταληκτικῶν
520 1327 592 1413 μθ’.
625 1321 669 1395 ὦν
692 1332 874 1410 τελευταῖος

294 1449 347 1512 ἕξει
366 1457 428 1504 τίνα
446 1446 564 1523 γνώμην
582 1454 675 1521 λέγειν
692 1450 722 1504 τὸ
743 1449 782 1523 μὴ
802 1448 994 1525 εὐρύπρωκτος
1012 1451 1090 1504 εἶναι.

153 1553 191 1621 τὸ
228 1552 265 1621 δέ
300 1551 419 1642 μέτρον
450 1548 717 1624 Ἱππωνάκτειον.
754 1553 813 1622 ἐπὶ
854 1560 901 1644 τῷ
937 1555 1024 1622 τέλει
1061 1555 1164 1643 διπλῆ
1200 1549 1263 1636 ἐξω

153 1660 345 1746 νενευκυῖα.]]

247 1784 486 1848 1085-1104.
524 1775 585 1868 βίην
605 1781 625 1846 δ
630 1771 639 1798 ’
655 1775 890 1868 είράπρωκτοςε
903 1775 1062 1860 ’Έκθεσις
1076 1782 1132 1868 τῆς
1147 1779 1266 1866 διπλῆς

154 1876 328 1966 άμσιβαία·
364 1872 401 1971 ἧς
422 1880 638 1970 προτίθενται
662 1880 767 1971 στίχοι
787 1881 935 1971 ίαμβικοί
956 1881 1122 1972 τρίμετροι
1141 1877 1266 1949 ἀκατά-

156 1986 268 2074 ληκτοι
289 1982 450 2073 τέσσαρες.
485 1987 526 2054 τά
550 1985 586 2054 δέ
608 1983 822 2054 λοιπά-κῶλά
843 1984 925 2055 εἰσιν
951 1985 1087 2074 ίαμβικὰ
1107 1977 1266 2054 όκτωκαί-
1365 2043 1369 2050 .

156 2091 235 2156 δεκα
257 2089 391 2179 δίμετρα
406 2083 622 2181 άκατάληκτα.
650 2090 707 2172 ἓτὸ
722 2090 833 2178 μέντοι
854 2087 967 2179 όγδοον
984 2091 1039 2159 καί
1057 2086 1265 2158 δυοκαιδέκα-

155 2219 211 2262 τον
230 2197 481 2284 πενθημιμερές.
518 2195 556 2262 τδ
587 2193 876 2283 πεντεκαιδέκατον
906 2194 963 2262 καί
989 2191 1265 2263 ἑπτακαιδέκατον

155 2295 344 2388 μονόμετρα.
366 2301 404 2367 τὸ
428 2299 465 2368 δέ
485 2302 667 2369 τελευταῖον
689 2296 919 2391 ἐφθημιμερές.
955 2298 1015 2366 ἐπὶ
1034 2305 1081 2388 τῷ
1102 2299 1187 2366 τέλει
1209 2295 1267 2364 δίο

156 2391 275 2471 διπλαῖ
301 2399 363 2486 ἐξω
393 2407 565 2472 νενευκυῖαι
594 2402 613 2495 ἡ
643 2403 701 2491 μέν
735 2403 769 2471 ἐν
799 2409 841 2493 τῇ
873 2397 966 2494 άρχῇ,
1003 2400 1023 2493 ἡ
1050 2395 1087 2471 δέ
1114 2401 1197 2469 κατὰ
1227 2399 1266 2471 τὸ

52 2606 54 2610 Ι
154 2506 275 2596 τέλοςλ

249 2637 488 2698 1105-1114.
535 2626 596 2716 βτί
612 2618 714 2720 ’δίητας
736 2623 895 2719 πότερονε
926 2627 1079 2719 Σάστημα
1100 2627 1184 2695 κατὰ
1204 2652 1267 2695 πε-

159 2730 296 2821 ρικοπὴν
324 2723 557 2821 άνομοιομερές
580 2731 699 2816 στίχων
720 2731 881 2819 ίαμβικών
909 2732 1085 2822 τριμέτρων
1106 2724 1267 2822 άκαταλή-

157 2863 241 2905 κτων
265 2828 360 2907 όκτώ.
383 2834 417 2903 έν
441 2836 574 2905 ἐκθέσει
589 2837 626 2905 δέ
640 2840 729 2905 κῶλα
744 2835 882 2925 ίαμβικά
899 2835 1033 2925 δίμετρα
1048 2836 1267 2925 καταληκτικδι

156 2937 230 3031 ἤτοι
258 2937 472 3032 ἐφθημιμερῆ.
507 2939 572 3025 ἐγω
600 2941 637 3010 δέ
664 2942 702 3009 τδ
726 2942 873 3031 δεύτερον
896 2943 1004 3022 Ικῶλον
1034 2938 1091 3010 τόν
1121 2935 1266 3029 δεύτερον

158 3040 248 3114 πόδα
270 3041 441 3133 τρίβραχυν
462 3043 534 3136 ἢτοι
554 3050 696 3134 χορεῖον·
720 3045 779 3114 ἐπί
801 3055 848 3136 τῷ
869 3045 955 3114 τέλει
976 3040 1221 3135 παράγραφος.λ

248 3188 487 3251 1115-1130.
533 3181 633 3270 [robe
658 3183 771 3273 κριτάς
794 3175 815 3250 δ
836 3185 1061 3272 κερδανοῦσιντ
1084 3177 1267 3249 Κάνταῦθα

157 3285 348 3377 παράβασίς
378 3283 475 3354 ἐστιν.
514 3283 579 3369 ἐγει
611 3287 647 3355 δέ
669 3280 704 3354 σί
728 3287 838 3356 πάντα
868 3286 1011 3376 τὰμέρη
1033 3291 1089 3377 τῆς
1111 3280 1268 3374 παραβά-

158 3413 253 3474 σεως,
293 3386 374 3458 άλλὰ
410 3390 508 3476 μόνον
549 3391 605 3460 λτό
637 3390 816 3482 ἐπίρρημα,
857 3392 890 3461 ἐν
924 3383 950 3483 ᾧ
984 3389 1066 3472 έθος
1098 3387 1119 3481 ἢ
1146 3390 1267 3480 χρηστὰ

159 3494 382 3580 σὺμβουλεόειν
404 3501 443 3585 τῇ
466 3493 579 3579 πόλει,
602 3493 623 3586 ἢ
643 3493 808 3564 σκώπτειν
829 3497 904 3576 τοδς
924 3490 1090 3586 πονηρούς.
1116 3491 1267 3560 τίθενται

158 3596 219 3686 γάρ
242 3598 278 3665 οὐ
293 3593 397 3684 μόνον
421 3598 542 3668 τέλειαι
563 3596 785 3688 παραβάσεις,
808 3598 890 3669 άλλδ
907 3601 961 3669 καί
975 3599 1055 3688 μέρη
1069 3597 1140 3665 τινὰ
1154 3593 1267 3666 αὐτῶν.

247 3829 261 3883 l
286 3826 316 3880 τὸ
342 3832 438 3899 μέντοι
461 3827 583 3898 ἕβδομον
605 3831 652 3880 καὶ
683 3827 830 3895 ἑνδέκατον
862 3835 995 3904 τρίμετρα
1022 3829 1069 3879 καὶ
1092 3823 1124 3878 τὸ
1152 3824 1267 3880 δέκατον

159 3913 371 3987 πευθημιμερὲς
384 3912 455 3977 Ald„
469 3913 548 3983 'quod
560 3913 653 3968 Herm.
672 3930 739 3969 corr.
776 3913 929 3979 „Octavum
939 3929 1053 3968 ¹versum
1071 3911 1137 3965 dicit
1154 3909 1269 3964 καὶτῶν

157 4005 269 4057 θεατῶν
293 3996 426 4076 ὁπότεροι
451 4003 563 4060 πλείους
590 4000 705 4067 σκόπει,
736 4001 906 4058 undecimum
931 4006 979 4055 καὶ
995 4002 1107 4054 τουτονὶ
1125 4001 1195 4069 γοῦν
1212 3997 1265 4048 οἶδ’

156 4085 213 4158 ἐγώ
236 4085 403 4154 κάκεινονί,
432 4086 564 4141 decimum
589 4089 652 4148 τοὺς
679 4087 892 4164 εὐρυπρώκτους.
928 4089 999 4143 Nam
1026 4087 1065 4141 sic
1088 4100 1181 4139 versus
1204 4084 1269 4138 sunt

160 4172 293 4242 descripti.
311 4172 341 4228 in
357 4171 435 4227 Ald.“
466 4172 553 4227 Diibn.
659 4176 677 4230 2
698 4175 730 4229 τὸ
753 4176 893 4248 ἐπίρρημα
917 4179 964 4242 τῆς
990 4169 1172 4248 παραβάσεως
1195 4168 1268 4234 Ald„

161 4263 296 4331 postrema
314 4259 414 4317 delevit
429 4261 608 4318 Hermannus.
1039 4256 1042 4263 ’
