2864 4846
655 298 762 358 Scholia
780 297 809 357 in
826 316 897 359 aves.

309 466 504 526 639-660.
552 457 633 546 [καί
655 459 717 550 μην
739 461 786 544 μὰ
807 461 863 527 τὸν
880 460 971 528 Ala:
995 458 1156 542 Εἴσθεσις
1174 462 1334 551 περιόδου

219 556 395 648 άμοιχδαίας
417 561 452 629 ἐκ
469 559 584 645 στίχων
605 561 765 649 ίαμβικιόν
778 564 956 653 τριμέτρων
972 562 1201 656 ἀκαταλήπτων
1216 564 1332 634 εἴκοσι.

218 659 261 734 ὧν
279 669 461 746 τελευταῖος

465 792 511 842 καὶ
530 787 689 862 Μανόδωρε
707 788 860 861 λαμβάνετε
881 791 930 844 ιτὰ
949 790 1087 865 στόματα.

197 856 431 979 λέν-είρθέσει
462 891 498 958 δὲ
526 889 630 974 στίχοι
653 886 888 961 άναπαιστικοί
912 900 1129 984 τετράμετροι.
1174 893 1234 963 ἐπὶ
1256 902 1332 977 ταῖς

192 1017 201 1124 η
220 994 407 1086 άποδέσεσι
427 990 672 1084 παράγραφος.]]

309 1122 503 1183 661-675.
550 1109 601 1202 [[ιδ
619 1121 713 1182 τοῖτο
736 1116 871 1200 μέντοιι
895 1115 1057 1198 Είσθεσις
1077 1118 1193 1204 ὁμοίας
1215 1119 1331 1213 ἑτέρας

220 1217 373 1310 περιόδου
401 1219 437 1286 ἐκ
469 1218 584 1302 στίχων
611 1217 769 1304 ἶαμβικιῦν
805 1222 982 1308 τριμέτρων
1013 1221 1241 1315 ἀκαταλήκτων
1273 1223 1328 1296 ιε’.

219 1325 278 1393 ἐπὶ
300 1330 346 1411 τηῦ
366 1324 453 1391 τέλει
474 1320 621 1412 κορωνίς,
643 1320 791 1404 ἐξιόντων
814 1334 878 1392 τῶν
900 1324 1112 1416 δποκριτῶν.]]

309 1435 503 1497 676-684.
548 1421 574 1493 ιδ
595 1426 690 1516 φίλη,
723 1422 907 1517 ὦξουθηι
940 1430 1013 1516 [[Τδ
1041 1433 1108 1516 πρὸ
1138 1437 1195 1523 τῆς
1216 1459 1329 1522 παρα-

218 1530 345 1619 βάσεως
370 1532 459 1599 τουτί
488 1531 666 1616 κομμάτιον
696 1533 806 1599 κοίλων
835 1533 923 1600 ἐστίν
944 1527 1168 1625 άσυναρτητων
1188 1537 1239 1603 θ’.
1283 1528 1330 1603 ὧν

218 1638 256 1705 τδ
280 1633 315 1704 α’
336 1636 546 1725 χοριαμβικὸν
569 1632 800 1724 ἓφθημιμερές.
842 1637 880 1704 τὸ
902 1634 937 1722 μ’
960 1636 1115 1726 ἡμιόλιον.
1149 1640 1191 1706 τὰ
1210 1637 1254 1727 χ’,
1283 1637 1327 1724 ς’,

219 1741 257 1823 ζ’,
281 1740 312 1830 η’
336 1737 573 1807 άντισπαστικδ
596 1739 775 1823 χλικιόνεια.
797 1739 837 1805 τά
860 1737 899 1823 δ’,
924 1737 966 1807 θ’
989 1738 1205 1833 ἓφθημιμερῆ.
1233 1745 1273 1811 τδ
1296 1740 1328 1811 ε’

37 1844 40 1849 ’
136 1870 139 1875 ·
217 1841 375 1935 ἡμιόλιον.
406 1842 464 1909 ἐπί
486 1851 533 1929 τῷ
555 1843 640 1910 τέλει
663 1840 908 1932 τταράλραφθςδ

308 1954 504 2014 685-722.
551 1943 633 2033 λάχε
655 1948 693 2034 δὴ
716 1947 813 2035 φάσιν
829 1972 837 2014 :
855 1946 900 2014 ‘H
915 1956 1065 2035 παροῦσα
1088 1949 1276 2037 παράβασις
1291 1949 1328 2016 ἐκ

219 2049 335 2134 στίχων
367 2049 438 2116 ἐστί
458 2045 520 2138 λη’,
554 2052 649 2138 δῆλον
683 2050 720 2117 δὲ
754 2048 798 2147 τίς
830 2047 1074 2118 άνοιπαιστικων
1106 2053 1327 2143 τετραμέτρων

218 2159 466 2246 καταληκτικῶν.
497 2152 554 2219 ἐπὶ
576 2160 625 2240 τηῖ
643 2153 728 2220 τέλει
749 2150 992 2243 παράχραφοςλ

183 2291 191 2429 ¹
308 2284 502 2343 723-736.
550 2272 613 2364 λῆν
634 2269 716 2341 οόντ
744 2271 901 2354 ’Έκθεσις
922 2279 979 2341 τοῦ
1008 2283 1136 2361 μακροῦ
1158 2277 1194 2343 ἐκ
1217 2274 1328 2344 κώλων

218 2377 338 2465 ὁμοίων
358 2377 603 2445 άναπαιστικῶν
625 2374 680 2445 ιδ’.
723 2371 766 2445 ὧν
791 2357 911 2463 iffi
935 2376 982 2463 ιβ’
1007 2378 1142 2467 δίμετρα
1167 2377 1327 2471 ἀκατάλη-

219 2511 287 2551 κτα.
323 2482 360 2551 τὸ
384 2478 428 2568 ιγ’
452 2475 670 2570 άναπαιστικὴ
691 2478 800 2564 βάσις,
829 2476 926 2551 όκαί
949 2482 1187 2570 παρατέλιυτον
1209 2476 1327 2569 όνομά-

219 2589 313 2671 ζεται.
345 2585 382 2654 τὸ
403 2588 583 2652 τελευταῖον
603 2582 833 2674 ἓφδημιμερές.
862 2583 915 2675 ὑφ’
940 2581 958 2651 ό
981 2582 1224 2678 παράχραφος.]]

306 2718 368 2777 737
377 2714 499 2774 -751,
547 2708 696 2793 λΜοῑσα
732 2703 899 2789 λοχμαίαι
934 2701 986 2770 Ἦ
1013 2707 1137 2796 στροφὴ
1171 2707 1225 2774 καὶ
1261 2705 1327 2797 ᾠδὴ

218 2812 295 2902 αότη
318 2809 427 2878 κώλων
447 2809 516 2876 ἐστὶ
540 2809 704 2898 διαφόρων
727 2809 782 2875 καί
805 2807 1024 2897 άσιναρτήτων
1046 2805 1103 2889 ις’.
1123 2802 1166 2875 ὧν
1181 2808 1219 2877 τδ
1234 2815 1326 2899 πρῶ-

218 2941 275 2984 τον
308 2912 559 3004 πενθημιμερές.
603 2912 641 2979 τὸ
661 2909 697 2997 β’
730 2908 952 3001 ἓφδημιμερὲς
978 2918 1035 2978 τοῦ
1055 2907 1090 2977 α’
1118 2911 1222 2991 ποδὸς
1253 2908 1290 2995 ἑξ
1310 2954 1326 2963 -

218 3014 360 3107 βράχεος.
402 3018 440 3085 τὸ
466 3013 499 3104 χ’
527 3015 696 3104 τροχαϊκδν
717 3013 935 3103 Εὐριπίδειον.
980 3014 1017 3082 τὸ
1046 3010 1079 3082 δ’
1110 3011 1325 3105 άσυνάρτητον

222 3121 466 3210 2προσφδιακδν
488 3115 697 3203 καλούμενον,
721 3118 800 3206 περὶ
823 3111 859 3186 οὗ
880 3115 1004 3208 εἴρηται
1024 3117 1058 3185 ἐν
1079 3125 1118 3208 τῇ
1140 3115 1327 3206 παραβάσει

221 3228 298 3293 8τοῦ
320 3227 475 3314 Νεφελῶν
495 3220 666 3312 δράματος.
703 3223 740 3290 τὸ
763 3219 794 3288 ε’
817 3221 928 3307 ὅμοιον
946 3228 993 3311 τῷ
1014 3218 1059 3308 β’.
1097 3223 1136 3290 τὸ
1159 3223 1193 3304 ς’
1215 3223 1327 3308 ὅμοιον

217 3336 264 3417 τῷ
287 3324 330 3410 δ’,
369 3325 425 3394 οὐκ
444 3324 480 3393 ἐκ
502 3324 649 3405 παίωνος
669 3325 817 3414 δευτέρου
839 3321 1012 3414 ἀρχόμενον
1033 3325 1079 3406 ὡς
1099 3325 1219 3408 έκεῖνο,
1256 3320 1325 3394 ἀλλ’

218 3432 253 3500 ἐκ
277 3426 439 3501 δακτόλου.
461 3431 499 3498 τὸ
525 3426 556 3511 ζ’
581 3429 694 3514 ὅμοιον
716 3437 763 3518 τῷ
785 3425 830 3515 β’,
852 3429 937 3520 πλὴν
957 3430 1263 3520 βραχυκατάληκτον.
1286 3433 1325 3498 τὸ

217 3535 251 3625 η’
274 3528 514 3601 οίναπαιστικδν
536 3530 683 3620 δίμετρον
709 3525 938 3623 άκατάληκτον.
981 3533 1036 3600 καί
1064 3532 1102 3600 τὸ
1124 3529 1182 3600 ιδ’.
1222 3532 1261 3601 τὸ
1283 3528 1325 3599 δ’

218 3637 436 3727 α’συνάρτητον
459 3636 569 3721 ὅμοιον
591 3641 662 3716 τοῖς
683 3641 822 3725 ῥηθεῖσι.
849 3635 888 3704 τὸ
908 3634 935 3703 ι’
956 3634 1075 3719 ὅμοιον.
1104 3635 1143 3702 τὸ
1168 3632 1217 3703 ια’
1237 3662 1325 3724 χορι-

218 3742 357 3829 αμβικδν
380 3739 529 3828 δίμετρον
549 3737 783 3829 άκατάληκτον,
816 3739 850 3806 ἐκ
875 3738 1108 3825 διαλελυμένων
1128 3736 1325 3828 χοριάμβων,

218 3852 276 3914 τοῦ
298 3845 331 3910 α’
354 3839 584 3928 ἑξασυλλάβου,
608 3847 665 3909 τοῦ
687 3843 723 3910 δὲ
745 3842 893 3930 δευτέρου
916 3840 1188 3929 πεντασυλλάβου.
1208 3844 1251 3930 ζτδ
1275 3840 1324 3928 ιβ’

217 3948 386 4038 τροχαϊκδν
410 3944 558 4031 δίμετρον
574 3940 808 4035 λοἰκατάληκτον.
845 3946 883 4014 τδ
906 3946 950 4033 ιγ’
973 3947 1160 4014 δακτυλικδν
1183 3943 1324 4035 ἓφδημι-

308 4151 323 4203 1
342 4146 417 4200 Corr.
437 4141 583 4216 στρώματα
703 4147 720 4200 2
739 4143 951 4213 προσῳδιακόν,
971 4143 1063 4199 eadem
1086 4144 1173 4199 forma
1191 4146 1278 4198 exstat
1294 4143 1324 4199 in

217 4232 299 4290 schol.
318 4233 380 4287 nub.
400 4230 444 4300 (cs.
464 4229 554 4284 adnot.
567 4229 602 4283 ad
618 4246 643 4282 v.
663 4231 725 4298 651)
751 4244 838 4283 errore
857 4229 1025 4290 scholiastae.
1117 4233 1135 4286 3
1151 4231 1235 4284 Deest
1250 4230 1324 4284 locus

216 4322 246 4377 in
269 4320 351 4376 schol.
377 4318 454 4382 nub.,
478 4320 538 4386 'quo
554 4314 705 4371 referantur
722 4316 787 4371 haec
804 4317 893 4371 verba
