2864 4846
543 251 651 307 Scholia
668 251 697 306 in
715 251 809 308 nubea.
1194 253 1229 311 47

208 416 447 477 1214-1258.
493 406 670 496 ffKoaavzg
692 405 792 494 ὸμοία
813 414 887 490 ταῖς
915 406 1095 499 ῥηθείσαις.
1138 406 1170 477 οἰ
1192 410 1229 479 δέ

64 567 66 571 .
119 509 225 596 στίχοι
245 509 393 599 ἰαμβικοί
416 511 581 602 τρίμετροι
599 506 815 604 ὸκατάληκτοι
836 509 901 600 με’,
923 505 967 581 ὦν
990 516 1172 594 τελευταῖος

258 634 319 702 ὁτιὴ
336 633 464 695 ’κάλεσας
482 633 617 703 εὐηθικῶς
635 634 686 703 τὴν
705 633 861 710 κάρδοπον.

119 735 178 805 ἐπὶ
199 741 247 827 τῷ
269 736 355 804 τέλει
375 734 538 826 κορωνίς.λ

162 882 163 885 =
210 848 449 909 1259—1302.
495 836 553 929 Πίυἰ
575 838 636 927 μοί
655 865 736 926 μοις
762 839 911 928 Κορωνὶς
933 839 1028 932 ἑτέρα
1050 838 1158 929 ὸμοία.
1196 841 1229 912 οἰ

119 944 155 1012 δὲ
176 943 282 1028 στίχοι
304 941 450 1030 ἰαμβικοί
469 941 638 1033 τρίμετροι
652 940 868 1035 ὸικατάληκτοι
882 940 948 1033 μγ’.
969 940 1013 1014 ὧν
1029 945 1229 1037 προτίθεται

119 1052 208 1117 κῶλα
236 1049 308 1117 δύο·
345 1048 383 1115 τὸ
405 1055 538 1137 πρῶτον
560 1046 819 1117 α’ντισπαστικὸν
850 1046 1045 1140 μονόμετρον
1066 1044 1229 1142 οἰκατσίλη-

119 1175 207 1221 κτον·
250 1152 305 1220 1τὸ
335 1146 480 1240 δεύτερον
510 1149 664 1239 ἰαμβικὸν
693 1149 890 1242 μονόμετρον
919 1151 1229 1245 βραχυκατοίληκτον.

118 1254 137 1325 ὁ
159 1256 196 1324 δὲ
215 1258 399 1335 τελευταῖος
420 1255 541 1323 τούτων

259 1377 355 1438 αὐτοῖς
373 1383 482 1450 τροχοῖς
499 1383 558 1439 τοῖς
575 1383 652 1432 σοῖσι
671 1380 718 1431 καὶ
736 1381 894 1453 ξυνωρίσιν.

119 1478 178 1547 ἐπὶ
199 1485 247 1569 τῷ
266 1478 352 1547 τέλει
375 1476 537 1569 noemia]
787 1561 790 1566 Ι

209 1593 342 1653 1303-
356 1592 450 1652 1320.
498 1582 674 1671 [[Κορωνίς
695 1583 751 1652 καί
772 1580 920 1664 εἰσθεσις
948 1582 1065 1669 μέλους
1083 1583 1231 1666 ἐξιόντων

118 1686 303 1776 ὑποκριτῶν
325 1694 584 1776 μονοστροφικοῢ
605 1686 642 1754 ἐκ
664 1684 777 1755 κώλων
796 1683 853 1777 ιη’.
876 1681 919 1755 ὧν
940 1688 977 1755 τὸ
1000 1695 1131 1778 πρῶτον
1153 1686 1231 1775 ἰαμ-

118 1792 211 1878 βικὸν
231 1789 401 1879 τρίμετρον
416 1785 716 1880 βραχοκατυίληκτον
737 1797 794 1858 τοῦ
810 1787 1011 1881 ,,φλαίρων“
1032 1791 1139 1873 ποδὸς
1153 1785 1229 1861 ἄνθ’
1308 1869 1315 1881 ,

119 1894 194 1987 ὅλης
216 1892 372 1984 ἰαμβικῆς
400 1895 549 1980 κειμένου
572 1892 735 1975 διποὸίας.
780 1897 819 1965 τὸ
851 1896 995 1986 δεύτερον
1024 1895 1061 1965 ἐκ
1079 1892 1232 1984 ὸιιοίμβου

119 2000 176 2067 καί
194 1991 335 2066 Ἰωνικοῦ
356 1991 413 2065 ἄπ’
436 1995 612 2079 ἐλάσσονος
634 1996 783 2089 δίμετρον
812 1993 1050 2090 α’κατοίληκτον,
1068 1994 1100 2091 ἢ
1120 1999 1231 2087 ἰαμβι-

119 2103 175 2173 κὸν
196 2099 430 2192 ἓηνθημιμερές.
458 2104 496 2173 τὸ
516 2101 627 2192 τρίτον
650 2100 805 2190 ἰαμβικὸν
826 2102 976 2194 ὸίμετρον
1003 2097 1231 2194 υἰκατοίληκτον.

119 2206 156 2274 τὸ
178 2205 331 2296 τέταρτον
352 2205 478 2292 ὅμοιον,
499 2205 521 2297 ἢ
541 2206 577 2275 ἐκ
604 2204 776 2275 ἳπαιώνων
799 2208 964 2295 δευτέρων.
984 2209 1022 2277 τὸ
1038 2204 1070 2276 ε’
1090 2233 1230 2297 χοριαμ-

118 2311 213 2396 βικὸν
233 2310 270 2393 ἐξ
292 2310 467 2401 ἐπιτρίτων
486 2309 655 2401 τρίμετρον
676 2313 905 2403 καταληκτικὸν
917 2302 949 2380 ³(
964 2314 1001 2383 τὸ
1018 2309 1050 2395 ς’
1066 2313 1233 2404 τροχαϊκὸν

120 2411 269 2506 ὸίμετρον
292 2416 527 2507 καταληκτικὸν
549 2413 620 2506 ἤτοι
641 2413 872 2507 έφθημιμερές.
902 2417 940 2486 τὸ
965 2417 996 2499 ζ’
1024 2416 1138 2503 ὅμοιον
1159 2415 1232 2507 τρί-

119 2543 235 2608 μετρον
257 2517 377 2604 μέντοι.
400 2521 438 2589 τὸ
454 2515 488 2610 η’
501 2520 715 2609 χοριαμβικὸν
735 2518 903 2610 τρίμετρον
921 2522 1231 2612 βραχυκατοίληκτον.

119 2623 157 2691 τὸ
179 2623 215 2690 θ’
237 2618 494 2692 ὸντισπαστικὸν
518 2623 555 2705 ἐξ
576 2621 746 2712 ἐπιτρίτου
766 2622 876 2714 τρίτου
891 2625 949 2692 καὶ
962 2625 1093 2715 πρώτου
1109 2623 1232 2712 ὅμοιον.

120 2727 158 2796 τὸ
181 2727 315 2796 δέκατον
341 2725 494 2814 ἰαμβικὸν
523 2725 673 2817 ὸίμετρον
697 2725 1007 2819 βραχυκατάληκτον.
1048 2729 1086 2797 τὸ
1106 2725 1154 2797 ια’
1177 2729 1234 2798 καὶ

120 2830 171 2917 ιβ’
193 2829 290 2916 ὅμοια
310 2836 359 2921 τῷ
377 2828 484 2922 τρίτην.
513 2831 552 2899 τὸ
574 2828 621 2919 ιγ’
639 2831 850 2921 χοριαμβικὸν
871 2833 1125 2924 πενθημιμερές.
1154 2831 1184 2901 εἰ
1196 2831 1233 2901 ὸὸ

120 2930 245 3020 βούλει,
282 2935 469 3004 δακτυλικὸν
506 2933 665 3025 δίμετρον.
701 2936 742 3004 τὸ
778 2933 851 3027 ἑξῆς
888 2935 963 3025 τρία
992 2932 1235 3007 οἰντισπαστικὰ

121 3034 330 3130 ἓφθημιμερῆ
370 3036 602 3130 Φερεκράτεια,
644 3045 837 3131 4τροχαῖκῆς
871 3042 955 3108 κατὰ
985 3042 1042 3132 τὴν
1072 3038 1234 3132 ’ὗπρώτην

119 3140 225 3231 χώραν
253 3144 400 3234 κειμένης
434 3142 663 3225 ταυτοποὸίας.
707 3146 745 3214 τὸ
773 3145 1013 3235 παρατέλευτον
1046 3143 1158 3232 ὅμοιον
1186 3149 1235 3235 τῷ

121 3245 236 3336 τρίτῳ·
260 3239 337 3333 μεθ)
358 3241 377 3316 ὸ
400 3244 554 3335 ἰαμβικὸν
567 3245 729 3339 ὸίμετρον
750 3246 1000 3337 καταληκτικὸν,
1037 3247 1111 3341 ἤτοι
1131 3247 1234 3341 ἑφθη-

121 3350 259 3440 μιμερές.
290 3350 349 3420 ἐπὶ
372 3359 419 3441 τῷ
441 3351 527 3421 τέλει
548 3354 709 3442 κορωνίς.]]

211 3464 452 3526 1321-1344.
492 3455 542 3526 ἰοὺ
567 3455 635 3526 ἰούς
653 3456 821 3547 [[Κορωνίς
844 3454 938 3550 ἑτέρα
953 3455 1119 3528 εἰσιόντων
1136 3450 1235 3537 αὖθις

122 3567 187 3627 τῶν
208 3558 400 3651 ὑποκριτῶν.
425 3558 455 3629 οἰ
476 3561 513 3629 δὲ
535 3558 641 3646 στίχοι
663 3560 812 3648 ἰαμβικοί
833 3560 998 3652 τρίμετροι
1015 3558 1235 3652 οἰκατοίληκτοι

124 3759 229 3834 δόχμια
247 3762 285 3832 β’,
319 3761 435 3816 ίίποιεῖ
457 3766 592 3833 συζυγίαν
610 3763 638 3816 et
665 3760 728 3817 nub.
742 3761 820 3831 456),
849 3758 908 3823 ὸζ’
928 3763 958 3815 ἐκ
977 3760 1079 3832 ἰάμβου
1099 3763 1234 3838 διμέτρου

123 3851 169 3901 καὶ
178 3852 330 3923 τροχαϊκοῦ
341 3851 536 3920 ἰθυφαλλικοῦ.
547 3847 590 3918 (cf.
601 3850 703 3919 κωλομ.
715 3847 798 3903 schol.
808 3863 848 3918 eq.
860 3847 930 3919 756).
943 3847 1076 3903 recenfior
1090 3848 1236 3904 scholiasta

124 3934 242 3990 scribens
261 3938 309 3988 καὶ
327 3936 448 4009 βυχμίου
466 3938 597 4004 συζυγίας
613 3950 704 3989 veram
719 3935 798 3990 huius
810 3934 884 3989 vocis
896 3935 1033 4005 (συζυγία)
1051 3936 1107 3990 vim
1118 3935 1235 4006 ignorat.

210 4024 226 4077 1
244 4020 275 4075 τὸ
296 4019 437 4096 δεύτερον,
454 4037 519 4076 nam
536 4021 681 4077 scholiasta
692 4023 722 4076 ἔκ
741 4025 817 4078 extra
834 4039 942 4078 versum
958 4022 1035 4093 legit.
1056 4022 1236 4078 Hermannus.

75 4178 79 4183 .
124 4104 284 4162 2παιόνων
302 4106 379 4172 Ala,
415 4107 550 4164 παιώνων
568 4108 657 4164 Βῆὸα.
763 4109 817 4177 3ἢ
836 4109 969 4182 ἰαμβικὸν
995 4113 1149 4183 τρίμετρον
1172 4107 1234 4163 Ald.

124 4192 143 4248 4
160 4199 309 4265 τροχαϊκῆς
325 4194 417 4250 Herm.
445 4197 626 4270 διτροχαϊκῆς
638 4196 699 4252 ald.
770 4192 912 4268 5πριίτην
924 4201 973 4251 τοῦ
985 4193 1236 4251 πεντεκαιδεκάτου

125 4275 342 4353 (Φερεκρατείου
360 4282 464 4352 Herm.)
478 4279 576 4356 χώραν
593 4282 655 4338 Ald.
