2864 4846
206 245 241 301 48
300 305 301 308 ¹
631 240 739 297 Scholia
755 240 784 296 in
803 240 894 298 nubes.

205 399 261 489 κχ’-.
288 393 332 468 ὧν
353 394 553 488 προτίθεται
573 401 678 467 κοῖλον
699 395 852 485 ἰαμβικὸν
874 391 1080 487 μονόμετρον.
1107 394 1125 466 δ
1149 396 1185 466 δέ
1205 400 1314 465 τελευ-

205 509 297 585 ταῖος
316 498 435 572 τούτων

239 696 242 701 .
346 628 393 678 καὶ
409 626 466 699 μῆν
484 625 500 678 ὅ
520 645 547 678 τι
566 628 613 679 καὶ
631 628 714 686 λέξεις
732 623 851 677 ἀκοῦσαι
868 622 1015 697 βούλομαι.

204 727 264 799 ἐπὶ
285 731 332 817 τῷ
351 726 435 795 τέλει
460 724 604 816 κορωνίς.
643 724 790 816 κέχρηται
812 725 849 794 δέ
876 723 1171 818 1προαναφωνῆσει
1193 732 1241 817 τῷ
1262 720 1313 797 ίοδ

205 831 265 901 ἰοί.
293 830 376 911 τινές
397 829 434 899 δέ
456 828 582 899 ἁπλοῦν
601 829 639 897 τὸ
661 828 712 897 ίού
735 828 882 919 φασίνῆΙ
1270 877 1273 883 ·

294 936 531 1005 loss-1352.
579 933 663 1021 ῆσὸν
696 930 810 1022 έρχονε
841 930 1002 1029 Είσθεσις
1028 941 1138 1024 χοροῦ,
1171 942 1316 1028 στροφῆς

203 1043 263 1130 μέν
284 1036 378 1128 λόγον
398 1037 514 1123 ἔχουσα
537 1037 592 1106 διά
614 1038 651 1106 τὸ
675 1035 757 1121 ἔχειν
778 1038 833 1106 καί
854 1036 1068 1129 ἀντίστροφον
1090 1040 1128 1108 τδ

520 1161 604 1233 οἶμαί
619 1178 651 1231 γε
669 1164 724 1239 τῶν
742 1164 894 1246 νεωτέρων,

100 1292 103 1299 ·
202 1260 240 1357 ῆς
262 1264 355 1334 οάδέν
376 1262 551 1354 διενήνοχε·
588 1264 756 1353 προῳδικὴ
785 1263 837 1345 δέ,
865 1264 981 1332 διὰτὸ
1005 1263 1236 1354 προτίθεσθαι
1257 1265 1314 1333 καὶ

177 1448 180 1455 ,
204 1369 414 1461 προᾴδεσθαι
434 1372 491 1457 τῆς
512 1369 640 1457 διπλῆς.
682 1363 723 1456 Ξῆ
741 1368 843 1456 διπλῆ
862 1367 926 1451 ,καί
947 1363 1095 1449 εἴσθεσις
1118 1366 1165 1448 είς
1187 1366 1311 1458 έπφδι-

203 1473 260 1564 κῆν
279 1471 394 1562 τριάδα
422 1469 461 1562 3ῆ
483 1464 620 1560 τετροίδα
641 1469 752 1538 κοίλων
776 1469 825 1551 έξ,
853 1462 898 1537 ὧν
917 1472 957 1538 τὰ
977 1470 1035 1557 μέν
1056 1472 1194 1561 περιττὰ
1214 1469 1314 1558 ὅμοια

113 1654 116 1659 ,
202 1582 272 1658 τοῖς
299 1569 464 1665 ἀνωτέρω,
501 1574 543 1641 τὰ
565 1573 601 1643 δέ
628 1571 724 1664 ἀρτια
750 1570 888 1660 Ἰωνικαί,
925 1573 1069 1665 ἡμιόλια,
1094 1577 1149 1644 διά
1171 1576 1208 1645 τὸ
1229 1574 1313 1660 ἔχειν

202 1680 289 1768 πρὸς
308 1685 355 1769 τῷ
376 1678 441 1769 ὅλῳ
457 1678 565 1757 καὶτὸ
583 1677 679 1770 ῆμισο
701 1684 758 1760 τοῦ
779 1675 936 1762 Ἰωνικοῦ,
957 1676 1149 1766 καλούμενα,
1170 1677 1313 1768 ἀδιαφο-

112 1854 119 1865 ,
202 1789 319 1874 ροῆντα
340 1783 398 1877 τὴν
422 1770 552 1872 προθιῆν
576 1776 744 1872 συλλαβῆν.
787 1782 825 1850 τὸ
848 1781 960 1869 μέντοι
982 1787 1200 1868 τελετπαῖον,,
1217 1778 1236 1851 δ
1256 1781 1312 1850 καί

202 1882 348 1977 έπφδάς,
372 1883 416 1967 ὡς
436 1885 495 1953 έπί
515 1891 563 1975 τῷ
585 1885 671 1954 τέλει
693 1890 750 1976 τῆς
769 1883 853 1976 ᾠδῆς
875 1887 1064 1972 τιθέμενον,
1088 1885 1222 1975 λέγεται,
1245 1882 1311 1953 ἀντ’

198 1984 340 2060 Ἰωνικοῦ
363 1987 531 2078 ἐπίτριτον
555 1987 629 2073 έχει.
671 1988 706 2056 έν
733 1985 867 2058 ἐκθέσει
899 1991 936 2059 δὲ
959 1990 1064 2076 στίχοι
1086 1986 1143 2071 δύο
1162 1987 1311 2075 ίαμβικοί

201 2090 410 2186 τετράμετροι
431 2091 672 2183 καταληκτικοί,
695 2084 805 2180 ὅμοιοι
824 2099 894 2174 τοῖς
917 2092 997 2186 ἑξῆς.
1032 2092 1135 2174 4έθος
1157 2093 1217 2182 χοίρ
1241 2092 1311 2160 έστι

201 2197 403 2289 προτιθέναι
435 2204 492 2289 τῆς
524 2201 642 2288 διπλῆς
671 2195 830 2282 διστιχίαν
862 2198 944 2284 μετὰ
967 2199 1033 2289 ,τὴν
1069 2196 1224 2288 περίοδον
1255 2203 1312 2288 τῆς

201 2299 374 2391 κορωνίδος
395 2300 415 2392 ἢ
434 2309 490 2391 τῆς
512 2295 604 2392 ᾠδῆς.
628 2301 687 2370 ἐπὶ
714 2306 760 2390 τῷ
783 2300 867 2370 τέλει
894 2298 1110 2393 παράχραφος
1131 2302 1188 2370 καὶ
1210 2304 1311 2389 διπλῆ

203 2404 289 2476 5ε’ίσω
306 2408 499 2494 νενευκυῖα]

227 2573 231 2581 .
290 2518 530 2579 1353-1390.
575 2509 712 2599 καὶμὴν
737 2506 896 2599 ὅθεν-χει
930 2510 1108 2601 [[Κορωνίς
1128 2511 1183 2578 καί
1205 2498 1311 2594 στίχοι

200 2614 310 2701 ὅμοιοι
335 2620 401 2703 6τῷ
420 2610 567 2701 διστιχίτμ
587 2608 643 2699 ty‘.
675 2605 719 2680 ὧν
740 2615 922 2694 τελειταῖος

306 2737 438 2810 ἐξέφερον
457 2733 493 2792 ἀν
512 2737 558 2788 καὶ
577 2732 765 2810 προύσχόμην
784 2753 827 2789 σε·
848 2734 882 2790 σὺ
902 2737 937 2790 δέ
952 2754 990 2807 με
1009 2740 1059 2790 νῦν
1077 2733 1223 2808 ἀπάγχων.

198 2832 276 2925 μεθ’Ι
296 2833 333 2908 ὃν
355 2835 431 2927 τρία
454 2839 543 2905 κῶλα
565 2834 700 2924 ἱαμβικὰ
719 2836 855 2927 δίμετρα
876 2832 1091 2927 ἀκατάληκτα,
1121 2837 1178 2906 καί
1201 2836 1319 2922 στίχος.

199 2941 313 3028 ὅμοιος
335 2946 406 3011 τοῖν
429 2937 526 3029 ἀνωῆ
654 3024 658 3031 Δ

289 3038 531 3115 τετε-ιονιξ
556 3097 882 3113 .......
920 3080 933 3112 -.
979 3098 1027 3122 .,
1033 3093 1307 3116 ......

289 3155 525 3219 1398-1444.
573 3145 761 3237 colossos
789 3145 900 3237 ἑτέρας
927 3151 1045 3239 διπλῆς
1068 3147 1246 3238 ἀμοιβαίας
1273 3150 1309 3217 ἐκ

123 3260 126 3265 ’
199 3251 317 3337 στίχων
342 3251 524 3337 6ίαμβικῶν
546 3250 1027 3341 τετραμέιρων-καταλῆκτικῶν
1047 3253 1106 3338 μέ,
1137 3247 1181 3327 ὧν
1203 3256 1309 3322 τελευ-

198 3363 291 3437 ταῖος
375 3416 377 3423 s
442 3374 446 3381 '
816 3351 819 3356 ’

323 3462 394 3529 -τὴν
410 3462 505 3536 μῆτέρ
527 3464 620 3537 ὥσπερ
639 3464 686 3516 καὶ
704 3462 736 3517 σὲ
752 3462 889 3532 τυπτῆσω.
914 3469 942 3517 τί
959 3465 1027 3531 δῆτα
1046 3463 1101 3539 φῆς
1119 3464 1161 3520 σύ.

285 3658 299 3713 1
323 3655 575 3732 προαναφωνήσει,
592 3658 658 3714 haec
675 3675 738 3723 vox,
764 3675 844 3733 quam
871 3659 1018 3715 scholiasta
1040 3659 1107 3714 alibi
1124 3660 1210 3715 vitare
1228 3660 1307 3725 solet,

197 3743 231 3800 of.
249 3745 329 3814 paulo
356 3760 436 3812 supra
465 3748 554 3799 κῶλον
579 3745 710 3816 ἰαμβικὸν
738 3765 842 3819 μονομ.
866 3748 896 3801 ct
920 3746 1002 3801 schol.
1029 3747 1099 3802 1259
1122 3747 1152 3800 in
1172 3746 1307 3801 veteribus

196 3830 305 3887 scholiis
325 3830 545 3900 frequentissimo
562 3834 605 3886 ost
623 3831 656 3886 cf.
673 3831 755 3908 schol.
775 3849 831 3902 pso.
854 3834 922 3890 1191
941 3837 969 3888 et
985 3831 1140 3890 nub.1170.
1211 3832 1306 3889 2Ττε-

197 3917 297 3974 duntur
314 3917 377 3972 indo
393 3916 427 3972 ab
444 3917 571 3973 hocloco
589 3918 672 3974 verba
687 3918 828 3974 Heliodori
845 3921 897 3975 etsi
914 3922 1027 3975 mutato.
1116 3921 1133 3975 3
1152 3917 1169 3987 ἢ
1187 3908 1323 3993 τετράδα

187 4003 410 4073 ,additamentum
428 4006 470 4058 cst
491 4003 658 4060 scholiastae.
765 4008 784 4062 4
806 4006 839 4060 cf.
860 4006 942 4061 schol.
961 4006 1024 4061 nub.
1042 4005 1094 4062 476
1113 4008 1141 4060 et
1159 4009 1306 4080 κωλομετρ.

87 4150 91 4157 ,
196 4089 259 4161 nuh.
278 4091 339 4147 476.
409 4091 496 4151 δέξω
559 4075 583 4148 '6
598 4092 632 4145 In
649 4095 738 4147 σείετο
758 4092 858 4148 scholio
878 4092 1032 4157 Heliodori,
1049 4091 1120 4146 unde
1138 4092 1227 4161 potita
1242 4096 1307 4148 sunt

195 4176 261 4233 hacc
277 4176 372 4243 verba,
392 4176 494 4246 legitur
507 4183 550 4246 ’τῷ
570 4179 701 4248 διστιχῳ,
720 4194 781 4234 cum
797 4180 929 4236 recentior
945 4172 1091 4234 scholiasta
1100 4177 1166 4233 alibi
1179 4180 1305 4251 διστιχία

195 4264 416 4321 scriberosoloat
436 4263 469 4319 cf.
489 4264 571 4320 schol.
590 4265 653 4320 nub.
672 4267 747 4323 1345.
