<?xml version="1.0" encoding="UTF-8"?>
<!DOCTYPE html PUBLIC "-//W3C//DTD XHTML 1.0 Transitional//EN"
    "http://www.w3.org/TR/xhtml1/DTD/xhtml1-transitional.dtd">
<html xmlns="http://www.w3.org/1999/xhtml" xml:lang="en" lang="en">
 <head>
  <title>
</title>
<meta http-equiv="Content-Type" content="text/html;charset=utf-8" />
  <meta name='ocr-system' content='tesseract 3.04.00' />
  <meta name='ocr-capabilities' content='ocr_page ocr_carea ocr_par ocr_line ocrx_word'/>
</head>
<body>
  <div class='ocr_page' id='page_1' title='image "./heliodoricolome00theigoog_0055.png"; bbox 0 0 2864 4846; ppageno 0'>
   <div class='ocr_carea' id='block_1_1' title="bbox 154 211 847 270">
    <p class='ocr_par' dir='ltr' id='par_1_1' title="bbox 154 211 847 270">
     <span class='ocr_line' id='line_1_1' title="bbox 154 211 847 270; baseline 0.003 -4"><span class='ocrx_word' id='word_1_1' title='bbox 154 211 190 266; x_wconf 83' lang='lat'><em>42</em></span> <span class='ocrx_word' id='word_1_2' title='bbox 576 212 684 269; x_wconf 78' lang='lat' dir='ltr'><strong>Scholia</strong></span> <span class='ocrx_word' id='word_1_3' title='bbox 707 213 736 268; x_wconf 87' lang='lat' dir='ltr'><em>in</em></span> <span class='ocrx_word' id='word_1_4' title='bbox 754 213 847 270; x_wconf 83' lang='lat' dir='ltr'><strong>nubes.</strong></span> 
     </span>
    </p>
   </div>
   <div class='ocr_carea' id='block_1_2' title="bbox 153 364 1268 878">
    <p class='ocr_par' dir='ltr' id='par_1_2' title="bbox 153 364 1268 878">
     <span class='ocr_line' id='line_1_2' title="bbox 155 364 1267 460; baseline 0.003 -26"><span class='ocrx_word' id='word_1_5' title='bbox 155 364 308 454; x_wconf 78' lang='grc' dir='ltr'><strong><em>ἰαμβικὸν</em></strong></span> <span class='ocrx_word' id='word_1_6' title='bbox 337 366 488 460; x_wconf 87' lang='grc' dir='ltr'><em>δίμετρον</em></span> <span class='ocrx_word' id='word_1_7' title='bbox 516 365 747 460; x_wconf 81' lang='grc' dir='ltr'><em>ἀκατάληκτον.</em></span> <span class='ocrx_word' id='word_1_8' title='bbox 786 370 824 439; x_wconf 87' lang='grc' dir='ltr'><em>τὸ</em></span> <span class='ocrx_word' id='word_1_9' title='bbox 855 369 995 457; x_wconf 70' lang='grc' dir='ltr'><em>ἕβδομον</em></span> <span class='ocrx_word' id='word_1_10' title='bbox 1027 371 1062 439; x_wconf 77' lang='grc' dir='ltr'><em>ἐκ</em></span> <span class='ocrx_word' id='word_1_11' title='bbox 1089 369 1267 460; x_wconf 80' lang='grc' dir='ltr'><em>χοριάμβου</em></span> 
     </span>
     <span class='ocr_line' id='line_1_3' title="bbox 155 471 1266 567; baseline 0.006 -29"><span class='ocrx_word' id='word_1_12' title='bbox 155 471 211 538; x_wconf 81' lang='grc' dir='ltr'><em>καί</em></span> <span class='ocrx_word' id='word_1_13' title='bbox 249 471 403 559; x_wconf 79' lang='grc' dir='ltr'><em>διιόμβου</em></span> <span class='ocrx_word' id='word_1_14' title='bbox 439 471 599 562; x_wconf 87' lang='grc' dir='ltr'><em>δίμετρον.</em></span> <span class='ocrx_word' id='word_1_15' title='bbox 645 474 683 543; x_wconf 88' lang='grc' dir='ltr'><em>τὸ</em></span> <span class='ocrx_word' id='word_1_16' title='bbox 716 472 830 562; x_wconf 81' lang='grc' dir='ltr'><em>όχδοον</em></span> <span class='ocrx_word' id='word_1_17' title='bbox 855 475 1070 564; x_wconf 81' lang='grc' dir='ltr'><em>χοριαμβικδν</em></span> <span class='ocrx_word' id='word_1_18' title='bbox 1097 473 1266 567; x_wconf 89' lang='grc' dir='ltr'><em>τρίμετρον</em></span> 
     </span>
     <span class='ocr_line' id='line_1_4' title="bbox 154 570 1268 671; baseline 0.006 -30"><span class='ocrx_word' id='word_1_19' title='bbox 154 570 380 666; x_wconf 79' lang='grc' dir='ltr'><em>ἀκατάληκτον.</em></span> <span class='ocrx_word' id='word_1_20' title='bbox 402 576 440 646; x_wconf 91' lang='grc' dir='ltr'><em>τδ</em></span> <span class='ocrx_word' id='word_1_21' title='bbox 464 574 574 645; x_wconf 74' lang='grc' dir='ltr'><em>ἔνατον</em></span> <span class='ocrx_word' id='word_1_22' title='bbox 595 575 709 664; x_wconf 81' lang='grc' dir='ltr'><em>ὅμοιον</em></span> <span class='ocrx_word' id='word_1_23' title='bbox 726 586 773 668; x_wconf 77' lang='grc' dir='ltr'><em>τῷ</em></span> <span class='ocrx_word' id='word_1_24' title='bbox 795 578 894 670; x_wconf 72' lang='grc' dir='ltr'><em>ἕκτην,</em></span> <span class='ocrx_word' id='word_1_25' title='bbox 918 577 1049 671; x_wconf 79' lang='grc' dir='ltr'><em>ἐχούσης</em></span> <span class='ocrx_word' id='word_1_26' title='bbox 1067 576 1268 649; x_wconf 80' lang='grc' dir='ltr'><em>ἀνάπαιστον</em></span> 
     </span>
     <span class='ocr_line' id='line_1_5' title="bbox 153 673 1266 776; baseline 0.005 -28"><span class='ocrx_word' id='word_1_27' title='bbox 153 683 210 769; x_wconf 79' lang='grc' dir='ltr'><em>τῆς</em></span> <span class='ocrx_word' id='word_1_28' title='bbox 232 673 395 771; x_wconf 80' lang='grc' dir='ltr'><em>όρχοόσης.</em></span> <span class='ocrx_word' id='word_1_29' title='bbox 416 681 455 751; x_wconf 89' lang='grc' dir='ltr'><em>τὸ</em></span> <span class='ocrx_word' id='word_1_30' title='bbox 474 681 610 750; x_wconf 81' lang='grc' dir='ltr'><strong><em>δέκατον</em></strong></span> <span class='ocrx_word' id='word_1_31' title='bbox 628 683 840 772; x_wconf 80' lang='grc' dir='ltr'><em>χοριαμβικδν</em></span> <span class='ocrx_word' id='word_1_32' title='bbox 856 682 1005 774; x_wconf 90' lang='grc' dir='ltr'><em>δίμετρον</em></span> <span class='ocrx_word' id='word_1_33' title='bbox 1019 682 1266 776; x_wconf 87' lang='grc' dir='ltr'><em>καταληκτικόν·</em></span> 
     </span>
     <span class='ocr_line' id='line_1_6' title="bbox 154 779 821 878; baseline 0.007 -27"><span class='ocrx_word' id='word_1_34' title='bbox 154 779 211 854; x_wconf 76' lang='grc' dir='ltr'><em>εἴτ’</em></span> <span class='ocrx_word' id='word_1_35' title='bbox 231 779 285 855; x_wconf 83' lang='grc' dir='ltr'><em>σύν</em></span> <span class='ocrx_word' id='word_1_36' title='bbox 306 784 342 854; x_wconf 76' lang='grc' dir='ltr'><em>ἐκ</em></span> <span class='ocrx_word' id='word_1_37' title='bbox 363 783 542 876; x_wconf 81' lang='grc' dir='ltr'><em>χοριόμβου</em></span> <span class='ocrx_word' id='word_1_38' title='bbox 561 787 618 855; x_wconf 85' lang='grc' dir='ltr'><em>καὶ</em></span> <span class='ocrx_word' id='word_1_39' title='bbox 639 787 821 878; x_wconf 77' lang='grc' dir='ltr'><em>βακχεύσαῆ</em></span> 
     </span>
    </p>
   </div>
   <div class='ocr_carea' id='block_1_3' title="bbox 153 907 1267 1106">
    <p class='ocr_par' dir='ltr' id='par_1_3' title="bbox 153 907 1267 1106">
     <span class='ocr_line' id='line_1_7' title="bbox 244 907 1266 1002; baseline 0.003 -25"><span class='ocrx_word' id='word_1_40' title='bbox 244 918 439 977; x_wconf 87' lang='grc'>814-888.</span> <span class='ocrx_word' id='word_1_41' title='bbox 484 907 600 997; x_wconf 74' lang='grc' dir='ltr'><em>ῆούτοι</em></span> <span class='ocrx_word' id='word_1_42' title='bbox 629 910 677 995; x_wconf 87' lang='grc' dir='ltr'><em>μὰ</em></span> <span class='ocrx_word' id='word_1_43' title='bbox 706 912 764 1001; x_wconf 82' lang='grc' dir='ltr'><em>τὴν</em></span> <span class='ocrx_word' id='word_1_44' title='bbox 791 908 965 1002; x_wconf 76' lang='grc' dir='ltr'><em>Ὁμίχληντ</em></span> <span class='ocrx_word' id='word_1_45' title='bbox 994 911 1144 1000; x_wconf 79' lang='grc' dir='ltr'><strong><em>Κορωνὶς</em></strong></span> <span class='ocrx_word' id='word_1_46' title='bbox 1172 909 1266 1000; x_wconf 75' lang='grc' dir='ltr'><em>ἑτέρα</em></span> 
     </span>
     <span class='ocr_line' id='line_1_8' title="bbox 153 1009 1267 1106; baseline 0.001 -23"><span class='ocrx_word' id='word_1_47' title='bbox 153 1010 269 1100; x_wconf 83' lang='grc' dir='ltr'><em>ὁμοία,</em></span> <span class='ocrx_word' id='word_1_48' title='bbox 293 1010 325 1081; x_wconf 75' lang='grc' dir='ltr'><em>οἱ</em></span> <span class='ocrx_word' id='word_1_49' title='bbox 346 1013 383 1081; x_wconf 80' lang='grc' dir='ltr'><em>δὲ</em></span> <span class='ocrx_word' id='word_1_50' title='bbox 405 1011 510 1098; x_wconf 87' lang='grc' dir='ltr'><em>στίχοι</em></span> <span class='ocrx_word' id='word_1_51' title='bbox 533 1012 679 1101; x_wconf 79' lang='grc' dir='ltr'><em>ίαμβικοὶ</em></span> <span class='ocrx_word' id='word_1_52' title='bbox 700 1013 864 1106; x_wconf 89' lang='grc' dir='ltr'><em>τρίμετροι</em></span> <span class='ocrx_word' id='word_1_53' title='bbox 881 1009 1094 1106; x_wconf 81' lang='grc' dir='ltr'><em>ολκατόληκτοι</em></span> <span class='ocrx_word' id='word_1_54' title='bbox 1121 1015 1198 1085; x_wconf 70' lang='grc' dir='ltr'><em>1οεῖ</em></span> <span class='ocrx_word' id='word_1_55' title='bbox 1222 1010 1267 1084; x_wconf 84' lang='grc' dir='ltr'><em>ὧν</em></span> 
     </span>
    </p>
   </div>
   <div class='ocr_carea' id='block_1_4' title="bbox 154 1120 337 1198">
    <p class='ocr_par' dir='ltr' id='par_1_4' title="bbox 154 1120 337 1198">
     <span class='ocr_line' id='line_1_9' title="bbox 154 1120 337 1198; baseline 0.016 -14"><span class='ocrx_word' id='word_1_56' title='bbox 154 1120 337 1198; x_wconf 86' lang='grc' dir='ltr'><em>τελευταῖος</em></span> 
     </span>
    </p>
   </div>
   <div class='ocr_carea' id='block_1_5' title="bbox 152 1238 1302 4109">
    <p class='ocr_par' dir='ltr' id='par_1_5' title="bbox 294 1238 985 1312">
     <span class='ocr_line' id='line_1_10' title="bbox 294 1238 985 1312; baseline 0.003 -18"><span class='ocrx_word' id='word_1_57' title='bbox 294 1241 366 1310; x_wconf 81' lang='grc' dir='ltr'><em>πρὸς</em></span> <span class='ocrx_word' id='word_1_58' title='bbox 383 1238 476 1298; x_wconf 83' lang='grc' dir='ltr'><em>πάντα</em></span> <span class='ocrx_word' id='word_1_59' title='bbox 494 1241 527 1295; x_wconf 84' lang='grc' dir='ltr'><em>τὰ</em></span> <span class='ocrx_word' id='word_1_60' title='bbox 546 1242 630 1296; x_wconf 83' lang='grc' dir='ltr'><em>δίκαι’</em></span> <span class='ocrx_word' id='word_1_61' title='bbox 650 1242 810 1312; x_wconf 77' lang='grc' dir='ltr'><em>ἀντιλέγειν</em></span> <span class='ocrx_word' id='word_1_62' title='bbox 829 1241 985 1311; x_wconf 77' lang='grc' dir='ltr'><em>δυνήσεται.</em></span> 
     </span>
    </p>

    <p class='ocr_par' dir='ltr' id='par_1_6' title="bbox 154 1335 1265 1539">
     <span class='ocr_line' id='line_1_11' title="bbox 154 1335 1265 1437; baseline -0.001 -26"><span class='ocrx_word' id='word_1_63' title='bbox 154 1339 213 1411; x_wconf 71' lang='grc' dir='ltr'><em>ἐπὶ</em></span> <span class='ocrx_word' id='word_1_64' title='bbox 237 1347 283 1432; x_wconf 77' lang='grc' dir='ltr'><em>τῷ</em></span> <span class='ocrx_word' id='word_1_65' title='bbox 304 1342 390 1410; x_wconf 84' lang='grc' dir='ltr'><em>τέλει</em></span> <span class='ocrx_word' id='word_1_66' title='bbox 412 1342 562 1432; x_wconf 83' lang='grc' dir='ltr'><em>κορωνίς,</em></span> <span class='ocrx_word' id='word_1_67' title='bbox 596 1343 651 1411; x_wconf 83' lang='grc' dir='ltr'><em>καὶ</em></span> <span class='ocrx_word' id='word_1_68' title='bbox 673 1341 745 1434; x_wconf 73' lang='grc' dir='ltr'><em>ἑξῆς</em></span> <span class='ocrx_word' id='word_1_69' title='bbox 766 1344 804 1414; x_wconf 90' lang='grc' dir='ltr'><em>τὸ</em></span> <span class='ocrx_word' id='word_1_70' title='bbox 822 1353 932 1434; x_wconf 80' lang='grc' dir='ltr'><em>χοροῦ·</em></span> <span class='ocrx_word' id='word_1_71' title='bbox 966 1343 1084 1437; x_wconf 78' lang='grc' dir='ltr'><em>ὤφειλε</em></span> <span class='ocrx_word' id='word_1_72' title='bbox 1104 1345 1168 1432; x_wconf 84' lang='grc' dir='ltr'><em>χδρ</em></span> <span class='ocrx_word' id='word_1_73' title='bbox 1189 1335 1265 1410; x_wconf 79' lang='grc' dir='ltr'><em>κόν-</em></span> 
     </span>
     <span class='ocr_line' id='line_1_12' title="bbox 154 1444 1076 1539; baseline 0.004 -26"><span class='ocrx_word' id='word_1_74' title='bbox 154 1450 264 1513; x_wconf 75' lang='grc' dir='ltr'><em>ταῦθα</em></span> <span class='ocrx_word' id='word_1_75' title='bbox 287 1451 398 1514; x_wconf 75' lang='grc' dir='ltr'><em>θεῖναι</em></span> <span class='ocrx_word' id='word_1_76' title='bbox 414 1444 526 1538; x_wconf 89' lang='grc' dir='ltr'><em>χορόν,</em></span> <span class='ocrx_word' id='word_1_77' title='bbox 549 1445 642 1538; x_wconf 85' lang='grc' dir='ltr'><em>δίχρις</em></span> <span class='ocrx_word' id='word_1_78' title='bbox 661 1445 703 1516; x_wconf 77' lang='grc' dir='ltr'><em>δν</em></span> <span class='ocrx_word' id='word_1_79' title='bbox 723 1446 755 1516; x_wconf 84' lang='grc' dir='ltr'><em>οὶ</em></span> <span class='ocrx_word' id='word_1_80' title='bbox 776 1448 866 1538; x_wconf 81' lang='grc' dir='ltr'><em>λόχοι</em></span> <span class='ocrx_word' id='word_1_81' title='bbox 887 1447 1076 1539; x_wconf 66' lang='grc' dir='ltr'><em>ἐξέλθωσι]</em></span> 
     </span>
    </p>

    <p class='ocr_par' dir='ltr' id='par_1_7' title="bbox 153 1566 1302 2072">
     <span class='ocr_line' id='line_1_13' title="bbox 242 1566 1264 1662; baseline -0.004 -25"><span class='ocrx_word' id='word_1_82' title='bbox 242 1578 438 1639; x_wconf 85' lang='grc'><strong>889-933.</strong></span> <span class='ocrx_word' id='word_1_83' title='bbox 483 1566 597 1658; x_wconf 82' lang='grc' dir='ltr'><em>[χαίρει</em></span> <span class='ocrx_word' id='word_1_84' title='bbox 621 1568 725 1660; x_wconf 75' lang='grc' dir='ltr'><em>δευρίτ</em></span> <span class='ocrx_word' id='word_1_85' title='bbox 740 1567 900 1653; x_wconf 75' lang='grc' dir='ltr'><em>Είσδεσις</em></span> <span class='ocrx_word' id='word_1_86' title='bbox 922 1573 1042 1662; x_wconf 79' lang='grc' dir='ltr'><em>διπλῆς</em></span> <span class='ocrx_word' id='word_1_87' title='bbox 1064 1569 1145 1639; x_wconf 84' lang='grc' dir='ltr'><em>κατὰ</em></span> <span class='ocrx_word' id='word_1_88' title='bbox 1159 1574 1264 1658; x_wconf 92' lang='grc' dir='ltr'><em>σχῆμα</em></span> 
     </span>
     <span class='ocr_line' id='line_1_14' title="bbox 155 1667 1302 1766; baseline -0.003 -24"><span class='ocrx_word' id='word_1_89' title='bbox 155 1675 323 1742; x_wconf 83' lang='grc' dir='ltr'><em>δικανικὸν</em></span> <span class='ocrx_word' id='word_1_90' title='bbox 346 1672 382 1742; x_wconf 80' lang='grc' dir='ltr'><em>ἐκ</em></span> <span class='ocrx_word' id='word_1_91' title='bbox 404 1669 514 1741; x_wconf 86' lang='grc' dir='ltr'><em>κοίλων</em></span> <span class='ocrx_word' id='word_1_92' title='bbox 536 1667 780 1743; x_wconf 82' lang='grc' dir='ltr'><em>όναπαιστικιῦν</em></span> <span class='ocrx_word' id='word_1_93' title='bbox 800 1674 861 1760; x_wconf 84' lang='grc' dir='ltr'><em>με’.</em></span> <span class='ocrx_word' id='word_1_94' title='bbox 884 1668 927 1742; x_wconf 83' lang='grc' dir='ltr'><em>ὧν</em></span> <span class='ocrx_word' id='word_1_95' title='bbox 950 1677 988 1744; x_wconf 85' lang='grc' dir='ltr'><em>τὸ</em></span> <span class='ocrx_word' id='word_1_96' title='bbox 1002 1672 1073 1766; x_wconf 82' lang='grc' dir='ltr'><em>κη’,</em></span> <span class='ocrx_word' id='word_1_97' title='bbox 1088 1676 1127 1743; x_wconf 88' lang='grc' dir='ltr'><em>τὸ</em></span> <span class='ocrx_word' id='word_1_98' title='bbox 1142 1669 1192 1741; x_wconf 81' lang='grc' dir='ltr'><em>λε’</em></span> <span class='ocrx_word' id='word_1_99' title='bbox 1208 1671 1264 1740; x_wconf 87' lang='grc' dir='ltr'><em>καί</em></span> <span class='ocrx_word' id='word_1_100' title='bbox 1296 1682 1302 1689; x_wconf 88' lang='grc'><strong>’</strong></span> 
     </span>
     <span class='ocr_line' id='line_1_15' title="bbox 153 1775 1264 1869; baseline 0 -25"><span class='ocrx_word' id='word_1_101' title='bbox 153 1777 192 1845; x_wconf 89' lang='grc' dir='ltr'><em>τὸ</em></span> <span class='ocrx_word' id='word_1_102' title='bbox 213 1777 275 1863; x_wconf 64' lang='grc' dir='ltr'><em>λύ’</em></span> <span class='ocrx_word' id='word_1_103' title='bbox 295 1778 480 1866; x_wconf 84' lang='grc' dir='ltr'><em>μονόμετρα</em></span> <span class='ocrx_word' id='word_1_104' title='bbox 505 1775 719 1869; x_wconf 81' lang='grc' dir='ltr'><em>όκατόληκτα.</em></span> <span class='ocrx_word' id='word_1_105' title='bbox 750 1779 792 1846; x_wconf 88' lang='grc' dir='ltr'><em>τὰ</em></span> <span class='ocrx_word' id='word_1_106' title='bbox 815 1780 851 1848; x_wconf 79' lang='grc' dir='ltr'><em>δὲ</em></span> <span class='ocrx_word' id='word_1_107' title='bbox 872 1780 974 1849; x_wconf 85' lang='grc' dir='ltr'><em>λοιπὰ</em></span> <span class='ocrx_word' id='word_1_108' title='bbox 998 1777 1107 1848; x_wconf 79' lang='grc' dir='ltr'><em>πάντα</em></span> <span class='ocrx_word' id='word_1_109' title='bbox 1130 1776 1264 1865; x_wconf 89' lang='grc' dir='ltr'><em>δίμετρα</em></span> 
     </span>
     <span class='ocr_line' id='line_1_16' title="bbox 153 1878 1263 1972; baseline -0.003 -23"><span class='ocrx_word' id='word_1_110' title='bbox 153 1878 372 1972; x_wconf 77' lang='grc' dir='ltr'><em>α’κατόληκτα,</em></span> <span class='ocrx_word' id='word_1_111' title='bbox 394 1889 457 1950; x_wconf 84' lang='grc' dir='ltr'><em>τῶν</em></span> <span class='ocrx_word' id='word_1_112' title='bbox 479 1879 536 1951; x_wconf 91' lang='grc' dir='ltr'><em>δύο</em></span> <span class='ocrx_word' id='word_1_113' title='bbox 558 1884 748 1972; x_wconf 77' lang='grc' dir='ltr'><em>προσώπων</em></span> <span class='ocrx_word' id='word_1_114' title='bbox 769 1882 814 1964; x_wconf 81' lang='grc' dir='ltr'><em>ὡς</em></span> <span class='ocrx_word' id='word_1_115' title='bbox 836 1884 1092 1953; x_wconf 72' lang='grc' dir='ltr'><em>ε’πιτοπλεῖστον</em></span> <span class='ocrx_word' id='word_1_116' title='bbox 1114 1882 1263 1972; x_wconf 88' lang='grc' dir='ltr'><em>δίμετρον</em></span> 
     </span>
     <span class='ocr_line' id='line_1_17' title="bbox 153 1980 864 2072; baseline 0.003 -18"><span class='ocrx_word' id='word_1_117' title='bbox 153 1991 258 2056; x_wconf 84' lang='grc' dir='ltr'><em>κῶλον</em></span> <span class='ocrx_word' id='word_1_118' title='bbox 276 1983 533 2072; x_wconf 79' lang='grc' dir='ltr'><em>ἀποτελούντων,</em></span> <span class='ocrx_word' id='word_1_119' title='bbox 559 1980 604 2055; x_wconf 76' lang='grc' dir='ltr'><em>τόν</em></span> <span class='ocrx_word' id='word_1_120' title='bbox 622 1988 661 2056; x_wconf 87' lang='grc' dir='ltr'><em>τὸ</em></span> <span class='ocrx_word' id='word_1_121' title='bbox 682 1992 864 2056; x_wconf 87' lang='grc' dir='ltr'><em>τελευταῖον</em></span> 
     </span>
    </p>

    <p class='ocr_par' dir='ltr' id='par_1_8' title="bbox 294 2108 760 2182">
     <span class='ocr_line' id='line_1_18' title="bbox 294 2108 760 2182; baseline 0.002 -19"><span class='ocrx_word' id='word_1_122' title='bbox 294 2108 419 2164; x_wconf 82' lang='grc' dir='ltr'><em>κλαύσει·</em></span> <span class='ocrx_word' id='word_1_123' title='bbox 439 2108 489 2177; x_wconf 82' lang='grc' dir='ltr'><em>τῆν</em></span> <span class='ocrx_word' id='word_1_124' title='bbox 503 2111 572 2182; x_wconf 84' lang='grc' dir='ltr'><em>χεῖρ’</em></span> <span class='ocrx_word' id='word_1_125' title='bbox 594 2109 760 2179; x_wconf 74' lang='grc' dir='ltr'><em>λπιβόλλεις,</em></span> 
     </span>
    </p>

    <p class='ocr_par' dir='ltr' id='par_1_9' title="bbox 153 2209 1265 2719">
     <span class='ocr_line' id='line_1_19' title="bbox 154 2209 1263 2303; baseline -0.002 -23"><span class='ocrx_word' id='word_1_126' title='bbox 154 2209 383 2302; x_wconf 75' lang='grc' dir='ltr'><em>ἓφθημιμερές.</em></span> <span class='ocrx_word' id='word_1_127' title='bbox 421 2209 528 2280; x_wconf 85' lang='grc' dir='ltr'><em>ἰστέον</em></span> <span class='ocrx_word' id='word_1_128' title='bbox 548 2212 585 2279; x_wconf 86' lang='grc' dir='ltr'><em>δὲ</em></span> <span class='ocrx_word' id='word_1_129' title='bbox 612 2211 723 2280; x_wconf 81' lang='grc' dir='ltr'><em>ὅτιτὸ</em></span> <span class='ocrx_word' id='word_1_130' title='bbox 746 2209 801 2302; x_wconf 85' lang='grc' dir='ltr'><em>κη’</em></span> <span class='ocrx_word' id='word_1_131' title='bbox 823 2215 924 2280; x_wconf 84' lang='grc' dir='ltr'><em>κῶλον</em></span> <span class='ocrx_word' id='word_1_132' title='bbox 951 2212 1167 2303; x_wconf 77' lang='grc' dir='ltr'><em>τετρόβραχον</em></span> <span class='ocrx_word' id='word_1_133' title='bbox 1189 2209 1263 2296; x_wconf 72' lang='grc' dir='ltr'><em>ἔχει,</em></span> 
     </span>
     <span class='ocr_line' id='line_1_20' title="bbox 153 2309 1264 2407; baseline 0 -23"><span class='ocrx_word' id='word_1_134' title='bbox 153 2314 225 2407; x_wconf 81' lang='grc' dir='ltr'><em>ῆιοι</em></span> <span class='ocrx_word' id='word_1_135' title='bbox 255 2316 569 2405; x_wconf 87' lang='grc' dir='ltr'><em>προκελευσματικδν</em></span> <span class='ocrx_word' id='word_1_136' title='bbox 597 2316 653 2384; x_wconf 90' lang='grc' dir='ltr'><em>τδν</em></span> <span class='ocrx_word' id='word_1_137' title='bbox 682 2322 813 2404; x_wconf 82' lang='grc' dir='ltr'><em>πρῶτον</em></span> <span class='ocrx_word' id='word_1_138' title='bbox 846 2313 935 2383; x_wconf 83' lang='grc' dir='ltr'><em>πόδα</em></span> <span class='ocrx_word' id='word_1_139' title='bbox 958 2309 1029 2384; x_wconf 75' lang='grc' dir='ltr'><em>ἀντὶ</em></span> <span class='ocrx_word' id='word_1_140' title='bbox 1051 2309 1264 2384; x_wconf 79' lang='grc' dir='ltr'><em>οἷναπαίστου.</em></span> 
     </span>
     <span class='ocr_line' id='line_1_21' title="bbox 154 2417 1263 2510; baseline -0.002 -22"><span class='ocrx_word' id='word_1_141' title='bbox 154 2419 317 2488; x_wconf 82' lang='grc' dir='ltr'><em>διαλύεται</em></span> <span class='ocrx_word' id='word_1_142' title='bbox 350 2419 408 2509; x_wconf 73' lang='grc' dir='ltr'><em>γὰρ</em></span> <span class='ocrx_word' id='word_1_143' title='bbox 438 2418 456 2510; x_wconf 85' lang='grc' dir='ltr'><em>ῆ</em></span> <span class='ocrx_word' id='word_1_144' title='bbox 479 2420 589 2508; x_wconf 83' lang='grc' dir='ltr'><em>μακρὰ</em></span> <span class='ocrx_word' id='word_1_145' title='bbox 616 2426 676 2488; x_wconf 82' lang='grc' dir='ltr'><em>τοῦ</em></span> <span class='ocrx_word' id='word_1_146' title='bbox 703 2418 907 2488; x_wconf 81' lang='grc' dir='ltr'><em>όναπαίστου</em></span> <span class='ocrx_word' id='word_1_147' title='bbox 929 2418 982 2501; x_wconf 57' lang='grc' dir='ltr'><em>7εἷς</em></span> <span class='ocrx_word' id='word_1_148' title='bbox 1011 2417 1067 2488; x_wconf 89' lang='grc' dir='ltr'><em>δύο</em></span> <span class='ocrx_word' id='word_1_149' title='bbox 1093 2417 1263 2510; x_wconf 79' lang='grc' dir='ltr'><em>βραχείας·</em></span> 
     </span>
     <span class='ocr_line' id='line_1_22' title="bbox 154 2521 1265 2614; baseline 0.001 -23"><span class='ocrx_word' id='word_1_150' title='bbox 154 2521 198 2604; x_wconf 84' lang='grc' dir='ltr'><em>ὡς</em></span> <span class='ocrx_word' id='word_1_151' title='bbox 217 2523 274 2591; x_wconf 86' lang='grc' dir='ltr'><em>καὶ</em></span> <span class='ocrx_word' id='word_1_152' title='bbox 295 2529 352 2592; x_wconf 80' lang='grc' dir='ltr'><em>τοῦ</em></span> <span class='ocrx_word' id='word_1_153' title='bbox 375 2521 492 2611; x_wconf 78' lang='grc' dir='ltr'><em>ἰάμβου</em></span> <span class='ocrx_word' id='word_1_154' title='bbox 510 2525 565 2593; x_wconf 82' lang='grc' dir='ltr'><em>καί</em></span> <span class='ocrx_word' id='word_1_155' title='bbox 587 2532 643 2592; x_wconf 80' lang='grc' dir='ltr'><em>τοῦ</em></span> <span class='ocrx_word' id='word_1_156' title='bbox 666 2525 816 2614; x_wconf 86' lang='grc' dir='ltr'><em>τροχαίου</em></span> <span class='ocrx_word' id='word_1_157' title='bbox 843 2525 982 2593; x_wconf 82' lang='grc' dir='ltr'><em>καὶτῶν</em></span> <span class='ocrx_word' id='word_1_158' title='bbox 1005 2528 1131 2592; x_wconf 79' lang='grc' dir='ltr'><em>λοιπῶν</em></span> <span class='ocrx_word' id='word_1_159' title='bbox 1152 2551 1265 2613; x_wconf 91' lang='grc' dir='ltr'><em>τετρα-</em></span> 
     </span>
     <span class='ocr_line' id='line_1_23' title="bbox 155 2624 1143 2719; baseline 0 -23"><span class='ocrx_word' id='word_1_160' title='bbox 155 2624 322 2715; x_wconf 83' lang='grc' dir='ltr'><em>συλλόβων</em></span> <span class='ocrx_word' id='word_1_161' title='bbox 344 2630 467 2697; x_wconf 84' lang='grc' dir='ltr'><em>ποδῶν.</em></span> <span class='ocrx_word' id='word_1_162' title='bbox 498 2628 557 2696; x_wconf 80' lang='grc' dir='ltr'><em>ἐπὶ</em></span> <span class='ocrx_word' id='word_1_163' title='bbox 578 2634 627 2718; x_wconf 73' lang='grc' dir='ltr'><em>τῷ</em></span> <span class='ocrx_word' id='word_1_164' title='bbox 649 2629 735 2697; x_wconf 84' lang='grc' dir='ltr'><em>τέλει</em></span> <span class='ocrx_word' id='word_1_165' title='bbox 755 2632 859 2719; x_wconf 92' lang='grc' dir='ltr'><em>διπλῆ</em></span> <span class='ocrx_word' id='word_1_166' title='bbox 881 2627 943 2712; x_wconf 74' lang='grc' dir='ltr'><em>ἔξω</em></span> <span class='ocrx_word' id='word_1_167' title='bbox 962 2634 1143 2716; x_wconf 83' lang='grc' dir='ltr'><em>νενευκυῖα]</em></span> 
     </span>
    </p>

    <p class='ocr_par' dir='ltr' id='par_1_10' title="bbox 152 2747 1265 3779">
     <span class='ocr_line' id='line_1_24' title="bbox 243 2747 1265 2841; baseline -0.002 -23"><span class='ocrx_word' id='word_1_168' title='bbox 243 2758 439 2819; x_wconf 86' lang='grc'><strong>934-948.</strong></span> <span class='ocrx_word' id='word_1_169' title='bbox 486 2747 693 2838; x_wconf 74' lang='grc' dir='ltr'><em>ῆπαύσασδε</em></span> <span class='ocrx_word' id='word_1_170' title='bbox 720 2751 846 2841; x_wconf 74' lang='grc' dir='ltr'><em>μόχηςτ</em></span> <span class='ocrx_word' id='word_1_171' title='bbox 871 2749 1031 2830; x_wconf 50' lang='lat' dir='ltr'><em>”Emeum</em></span> <span class='ocrx_word' id='word_1_172' title='bbox 1063 2756 1120 2840; x_wconf 89' lang='grc' dir='ltr'><em>τῆς</em></span> <span class='ocrx_word' id='word_1_173' title='bbox 1147 2753 1265 2840; x_wconf 79' lang='grc' dir='ltr'><em>διπλῆς</em></span> 
     </span>
     <span class='ocr_line' id='line_1_25' title="bbox 155 2847 1265 2947; baseline 0 -27"><span class='ocrx_word' id='word_1_174' title='bbox 155 2854 389 2944; x_wconf 84' lang='grc' dir='ltr'><em>συστηματική,</em></span> <span class='ocrx_word' id='word_1_175' title='bbox 419 2852 466 2935; x_wconf 85' lang='grc' dir='ltr'><em>είς</em></span> <span class='ocrx_word' id='word_1_176' title='bbox 488 2850 545 2923; x_wconf 90' lang='grc' dir='ltr'><em>δύο</em></span> <span class='ocrx_word' id='word_1_177' title='bbox 568 2851 741 2945; x_wconf 88' lang='grc' dir='ltr'><em>περιόδους</em></span> <span class='ocrx_word' id='word_1_178' title='bbox 763 2847 934 2947; x_wconf 75' lang='grc' dir='ltr'><em>διῃρημένη</em></span> <span class='ocrx_word' id='word_1_179' title='bbox 955 2855 992 2922; x_wconf 77' lang='grc' dir='ltr'><em>ἐκ</em></span> <span class='ocrx_word' id='word_1_180' title='bbox 1011 2851 1122 2923; x_wconf 89' lang='grc' dir='ltr'><em>κιύλων</em></span> <span class='ocrx_word' id='word_1_181' title='bbox 1144 2853 1265 2940; x_wconf 82' lang='grc' dir='ltr'><em>ὁμοίων</em></span> 
     </span>
     <span class='ocr_line' id='line_1_26' title="bbox 154 2951 1264 3050; baseline 0 -26"><span class='ocrx_word' id='word_1_182' title='bbox 154 2954 399 3026; x_wconf 84' lang='grc' dir='ltr'><em>ἀναπαιστικῶν</em></span> <span class='ocrx_word' id='word_1_183' title='bbox 429 2956 490 3026; x_wconf 79' lang='grc' dir='ltr'><em>ιε’·</em></span> <span class='ocrx_word' id='word_1_184' title='bbox 528 2951 572 3025; x_wconf 84' lang='grc' dir='ltr'><em>ὦν</em></span> <span class='ocrx_word' id='word_1_185' title='bbox 598 2964 654 3050; x_wconf 93' lang='grc' dir='ltr'><em>τῆς</em></span> <span class='ocrx_word' id='word_1_186' title='bbox 684 2958 815 3048; x_wconf 82' lang='grc' dir='ltr'><em>πρώτης</em></span> <span class='ocrx_word' id='word_1_187' title='bbox 845 2956 1001 3046; x_wconf 89' lang='grc' dir='ltr'><em>περιόδου</em></span> <span class='ocrx_word' id='word_1_188' title='bbox 1021 2961 1109 3028; x_wconf 78' lang='grc' dir='ltr'><em>κῶλα</em></span> <span class='ocrx_word' id='word_1_189' title='bbox 1130 2957 1264 3047; x_wconf 89' lang='grc' dir='ltr'><em>δίμετρα</em></span> 
     </span>
     <span class='ocr_line' id='line_1_27' title="bbox 154 3056 1264 3154; baseline 0.001 -23"><span class='ocrx_word' id='word_1_190' title='bbox 154 3056 357 3152; x_wconf 83' lang='grc' dir='ltr'><em>ἆκατόληκτα</em></span> <span class='ocrx_word' id='word_1_191' title='bbox 378 3058 418 3129; x_wconf 78' lang='grc' dir='ltr'><em>ε’.</em></span> <span class='ocrx_word' id='word_1_192' title='bbox 463 3062 520 3130; x_wconf 80' lang='grc' dir='ltr'><em>καὶ</em></span> <span class='ocrx_word' id='word_1_193' title='bbox 555 3062 609 3130; x_wconf 61' lang='grc' dir='ltr'><em>λέν</em></span> <span class='ocrx_word' id='word_1_194' title='bbox 631 3063 762 3131; x_wconf 76' lang='grc' dir='ltr'><em>ἐκδόσει</em></span> <span class='ocrx_word' id='word_1_195' title='bbox 791 3063 884 3152; x_wconf 71' lang='grc' dir='ltr'><em>ἕτερα</em></span> <span class='ocrx_word' id='word_1_196' title='bbox 914 3060 971 3131; x_wconf 89' lang='grc' dir='ltr'><em>δύο</em></span> <span class='ocrx_word' id='word_1_197' title='bbox 1002 3062 1100 3150; x_wconf 83' lang='grc' dir='ltr'><em>όμοια</em></span> <span class='ocrx_word' id='word_1_198' title='bbox 1129 3063 1264 3154; x_wconf 88' lang='grc' dir='ltr'><em>δίμετρα</em></span> 
     </span>
     <span class='ocr_line' id='line_1_28' title="bbox 153 3161 1263 3258; baseline 0.002 -22"><span class='ocrx_word' id='word_1_199' title='bbox 153 3165 367 3258; x_wconf 79' lang='grc' dir='ltr'><em>ἄκατόληκτα.</em></span> <span class='ocrx_word' id='word_1_200' title='bbox 405 3172 463 3257; x_wconf 89' lang='grc' dir='ltr'><em>τῆς</em></span> <span class='ocrx_word' id='word_1_201' title='bbox 495 3167 531 3236; x_wconf 81' lang='grc' dir='ltr'><em>δὲ</em></span> <span class='ocrx_word' id='word_1_202' title='bbox 553 3167 703 3257; x_wconf 82' lang='grc' dir='ltr'><em>δευτέρας</em></span> <span class='ocrx_word' id='word_1_203' title='bbox 734 3163 889 3257; x_wconf 90' lang='grc' dir='ltr'><em>περιόδου</em></span> <span class='ocrx_word' id='word_1_204' title='bbox 910 3171 998 3235; x_wconf 84' lang='grc' dir='ltr'><em>κῶλα</em></span> <span class='ocrx_word' id='word_1_205' title='bbox 1022 3165 1124 3237; x_wconf 83' lang='grc' dir='ltr'><em>δκτιύ·</em></span> <span class='ocrx_word' id='word_1_206' title='bbox 1162 3161 1207 3235; x_wconf 80' lang='grc' dir='ltr'><em>ιδν</em></span> <span class='ocrx_word' id='word_1_207' title='bbox 1227 3167 1263 3238; x_wconf 88' lang='grc' dir='ltr'><em>τδ</em></span> 
     </span>
     <span class='ocr_line' id='line_1_29' title="bbox 153 3265 1264 3363; baseline 0 -24"><span class='ocrx_word' id='word_1_208' title='bbox 153 3279 286 3362; x_wconf 85' lang='grc' dir='ltr'><em>πρῶτον</em></span> <span class='ocrx_word' id='word_1_209' title='bbox 305 3266 501 3360; x_wconf 89' lang='grc' dir='ltr'><em>μονόμετρον</em></span> <span class='ocrx_word' id='word_1_210' title='bbox 520 3268 741 3362; x_wconf 82' lang='grc' dir='ltr'><em>ἅκατύληκτον.</em></span> <span class='ocrx_word' id='word_1_211' title='bbox 768 3273 809 3338; x_wconf 81' lang='grc' dir='ltr'><em>τὰ</em></span> <span class='ocrx_word' id='word_1_212' title='bbox 833 3269 906 3362; x_wconf 79' lang='grc' dir='ltr'><em>ἑξῆς</em></span> <span class='ocrx_word' id='word_1_213' title='bbox 925 3267 964 3354; x_wconf 71' lang='grc' dir='ltr'><em>ἓξ</em></span> <span class='ocrx_word' id='word_1_214' title='bbox 983 3269 1117 3363; x_wconf 83' lang='grc' dir='ltr'><em>δίμετρα</em></span> <span class='ocrx_word' id='word_1_215' title='bbox 1139 3265 1264 3342; x_wconf 79' lang='grc' dir='ltr'><em>δκατό-</em></span> 
     </span>
     <span class='ocr_line' id='line_1_30' title="bbox 152 3371 1263 3466; baseline 0.001 -23"><span class='ocrx_word' id='word_1_216' title='bbox 152 3378 267 3466; x_wconf 90' lang='grc' dir='ltr'><em>ληκτα·</em></span> <span class='ocrx_word' id='word_1_217' title='bbox 290 3376 328 3445; x_wconf 90' lang='grc' dir='ltr'><em>τὸ</em></span> <span class='ocrx_word' id='word_1_218' title='bbox 349 3375 385 3444; x_wconf 82' lang='grc' dir='ltr'><em>δὲ</em></span> <span class='ocrx_word' id='word_1_219' title='bbox 406 3379 586 3443; x_wconf 81' lang='grc' dir='ltr'><em>τελευταῖον</em></span> <span class='ocrx_word' id='word_1_220' title='bbox 607 3373 845 3466; x_wconf 75' lang='grc' dir='ltr'><em>ἑφθημιμερές,</em></span> <span class='ocrx_word' id='word_1_221' title='bbox 875 3371 893 3445; x_wconf 80' lang='grc' dir='ltr'>ὃ</span> <span class='ocrx_word' id='word_1_222' title='bbox 916 3379 1063 3444; x_wconf 89' lang='grc' dir='ltr'><em>καλεῖται</em></span> <span class='ocrx_word' id='word_1_223' title='bbox 1085 3402 1263 3466; x_wconf 91' lang='grc' dir='ltr'><em>παροιμια-</em></span> 
     </span>
     <span class='ocr_line' id='line_1_31' title="bbox 153 3475 1264 3571; baseline 0.002 -24"><span class='ocrx_word' id='word_1_224' title='bbox 153 3475 217 3549; x_wconf 91' lang='grc' dir='ltr'><em>κόν.</em></span> <span class='ocrx_word' id='word_1_225' title='bbox 240 3478 298 3547; x_wconf 83' lang='grc' dir='ltr'><em>ε’πὶ</em></span> <span class='ocrx_word' id='word_1_226' title='bbox 319 3486 366 3568; x_wconf 76' lang='grc' dir='ltr'><em>τῷ</em></span> <span class='ocrx_word' id='word_1_227' title='bbox 387 3478 472 3547; x_wconf 83' lang='grc' dir='ltr'><em>τέλει</em></span> <span class='ocrx_word' id='word_1_228' title='bbox 493 3485 552 3547; x_wconf 84' lang='grc' dir='ltr'><em>τού</em></span> <span class='ocrx_word' id='word_1_229' title='bbox 573 3476 704 3568; x_wconf 84' lang='grc' dir='ltr'><em>πριύτου</em></span> <span class='ocrx_word' id='word_1_230' title='bbox 727 3477 931 3570; x_wconf 81' lang='grc' dir='ltr'><em>συστήματος</em></span> <span class='ocrx_word' id='word_1_231' title='bbox 953 3476 1183 3571; x_wconf 73' lang='grc' dir='ltr'><em>παρόμραφος·</em></span> <span class='ocrx_word' id='word_1_232' title='bbox 1206 3479 1264 3549; x_wconf 83' lang='grc' dir='ltr'><em>ε’πὶ</em></span> 
     </span>
     <span class='ocr_line' id='line_1_32' title="bbox 153 3579 1265 3675; baseline -0.001 -22"><span class='ocrx_word' id='word_1_233' title='bbox 153 3584 190 3653; x_wconf 79' lang='grc' dir='ltr'><em>δὲ</em></span> <span class='ocrx_word' id='word_1_234' title='bbox 216 3590 263 3673; x_wconf 76' lang='grc' dir='ltr'><em>τῷ</em></span> <span class='ocrx_word' id='word_1_235' title='bbox 292 3584 378 3652; x_wconf 80' lang='grc' dir='ltr'><em>τέλει</em></span> <span class='ocrx_word' id='word_1_236' title='bbox 405 3589 462 3652; x_wconf 81' lang='grc' dir='ltr'><em>τοῦ</em></span> <span class='ocrx_word' id='word_1_237' title='bbox 490 3585 639 3672; x_wconf 83' lang='grc' dir='ltr'><em>δευτέρου</em></span> <span class='ocrx_word' id='word_1_238' title='bbox 670 3584 726 3655; x_wconf 89' lang='grc' dir='ltr'><em>δύο</em></span> <span class='ocrx_word' id='word_1_239' title='bbox 755 3587 887 3666; x_wconf 88' lang='grc' dir='ltr'><em>διπλαῖ,</em></span> <span class='ocrx_word' id='word_1_240' title='bbox 924 3583 943 3675; x_wconf 86' lang='grc' dir='ltr'><em>ῆ</em></span> <span class='ocrx_word' id='word_1_241' title='bbox 970 3585 1028 3670; x_wconf 78' lang='grc' dir='ltr'><em>μὲν</em></span> <span class='ocrx_word' id='word_1_242' title='bbox 1051 3583 1085 3654; x_wconf 79' lang='grc' dir='ltr'><em>ἐν</em></span> <span class='ocrx_word' id='word_1_243' title='bbox 1106 3579 1185 3675; x_wconf 82' lang='grc' dir='ltr'><em>όρχῆ</em></span> <span class='ocrx_word' id='word_1_244' title='bbox 1208 3590 1265 3653; x_wconf 85' lang='grc' dir='ltr'><em>τοῦ</em></span> 
     </span>
     <span class='ocr_line' id='line_1_33' title="bbox 154 3686 683 3779; baseline 0 -23"><span class='ocrx_word' id='word_1_245' title='bbox 154 3687 272 3771; x_wconf 81' lang='grc' dir='ltr'><em>κοίλου,</em></span> <span class='ocrx_word' id='word_1_246' title='bbox 295 3686 314 3779; x_wconf 84' lang='grc' dir='ltr'><em>ῆ</em></span> <span class='ocrx_word' id='word_1_247' title='bbox 336 3687 373 3756; x_wconf 80' lang='grc' dir='ltr'><em>δὲ</em></span> <span class='ocrx_word' id='word_1_248' title='bbox 395 3688 478 3757; x_wconf 89' lang='grc' dir='ltr'><em>κατὰ</em></span> <span class='ocrx_word' id='word_1_249' title='bbox 499 3689 537 3756; x_wconf 85' lang='grc' dir='ltr'><em>τὸ</em></span> <span class='ocrx_word' id='word_1_250' title='bbox 561 3687 683 3777; x_wconf 62' lang='grc' dir='ltr'><em>τέλοςῆ]</em></span> 
     </span>
    </p>

    <p class='ocr_par' dir='ltr' id='par_1_11' title="bbox 153 3806 1264 4109">
     <span class='ocr_line' id='line_1_34' title="bbox 242 3806 1264 3899; baseline 0 -21"><span class='ocrx_word' id='word_1_251' title='bbox 242 3819 437 3879; x_wconf 82' lang='grc'><strong>949-960.</strong></span> <span class='ocrx_word' id='word_1_252' title='bbox 491 3813 571 3899; x_wconf 84' lang='grc' dir='ltr'><em>[[νύν</em></span> <span class='ocrx_word' id='word_1_253' title='bbox 612 3807 751 3890; x_wconf 84' lang='grc' dir='ltr'><em>δείξετον</em></span> <span class='ocrx_word' id='word_1_254' title='bbox 777 3835 785 3878; x_wconf 89' lang='lat'>:</span> <span class='ocrx_word' id='word_1_255' title='bbox 820 3806 983 3890; x_wconf 76' lang='grc' dir='ltr'><em>Εἴσδεσις</em></span> <span class='ocrx_word' id='word_1_256' title='bbox 1018 3812 1134 3896; x_wconf 84' lang='grc' dir='ltr'><em>με’λους</em></span> <span class='ocrx_word' id='word_1_257' title='bbox 1167 3814 1264 3899; x_wconf 84' lang='grc' dir='ltr'><em>χορού</em></span> 
     </span>
     <span class='ocr_line' id='line_1_35' title="bbox 153 3910 1263 4005; baseline 0 -25"><span class='ocrx_word' id='word_1_258' title='bbox 153 3913 336 4004; x_wconf 83' lang='grc' dir='ltr'><em>προηιδικῆ,</em></span> <span class='ocrx_word' id='word_1_259' title='bbox 377 3923 520 4005; x_wconf 85' lang='grc' dir='ltr'><em>στροφῆς</em></span> <span class='ocrx_word' id='word_1_260' title='bbox 548 3910 643 4002; x_wconf 83' lang='grc' dir='ltr'><em>λόχον</em></span> <span class='ocrx_word' id='word_1_261' title='bbox 675 3911 802 3998; x_wconf 72' lang='grc' dir='ltr'><em>ἔχουσα.</em></span> <span class='ocrx_word' id='word_1_262' title='bbox 843 3912 908 3997; x_wconf 77' lang='grc' dir='ltr'><em>ἔχει</em></span> <span class='ocrx_word' id='word_1_263' title='bbox 936 3914 1073 4005; x_wconf 74' lang='grc' dir='ltr'><em>γὰρκαὶ</em></span> <span class='ocrx_word' id='word_1_264' title='bbox 1095 3915 1263 4003; x_wconf 79' lang='grc' dir='ltr'><em>ἀντιστρο-</em></span> 
     </span>
     <span class='ocr_line' id='line_1_36' title="bbox 153 4017 278 4109; baseline 0.016 -25"><span class='ocrx_word' id='word_1_265' title='bbox 153 4018 217 4109; x_wconf 81' lang='grc' dir='ltr'><em>φῆν</em></span> <span class='ocrx_word' id='word_1_266' title='bbox 240 4017 278 4087; x_wconf 86' lang='grc' dir='ltr'><em>τὸ</em></span> 
     </span>
    </p>
   </div>
   <div class='ocr_carea' id='block_1_6' title="bbox 240 4246 1243 4320">
    <p class='ocr_par' dir='ltr' id='par_1_12' title="bbox 240 4246 1243 4320">
     <span class='ocr_line' id='line_1_37' title="bbox 240 4246 1243 4320; baseline -0.006 -14"><span class='ocrx_word' id='word_1_267' title='bbox 240 4251 256 4306; x_wconf 93' lang='grc'>1</span> <span class='ocrx_word' id='word_1_268' title='bbox 278 4247 319 4312; x_wconf 84' lang='grc' dir='ltr'><em>οζ’</em></span> <span class='ocrx_word' id='word_1_269' title='bbox 340 4246 397 4304; x_wconf 83' lang='grc' dir='ltr'><em>ωδ.</em></span> <span class='ocrx_word' id='word_1_270' title='bbox 416 4247 482 4320; x_wconf 84' lang='lat' dir='ltr'><strong>Reg.</strong></span> <span class='ocrx_word' id='word_1_271' title='bbox 501 4247 579 4305; x_wconf 90' lang='grc'><strong>2821.</strong></span> <span class='ocrx_word' id='word_1_272' title='bbox 668 4247 685 4301; x_wconf 89' lang='grc'><strong>2</strong></span> <span class='ocrx_word' id='word_1_273' title='bbox 705 4249 814 4303; x_wconf 69' lang='grc' dir='ltr'><em>ἐκθέσει</em></span> <span class='ocrx_word' id='word_1_274' title='bbox 832 4248 1016 4314; x_wconf 79' lang='lat' dir='ltr'><strong>Hermannus,</strong></span> <span class='ocrx_word' id='word_1_275' title='bbox 1043 4251 1165 4303; x_wconf 73' lang='grc' dir='ltr'><em>εισυέσει</em></span> <span class='ocrx_word' id='word_1_276' title='bbox 1181 4246 1243 4302; x_wconf 85' lang='grc' dir='ltr'><em>ΑΙδ.</em></span> 
     </span>
    </p>
   </div>
   <div class='ocr_carea' id='block_1_7' title="bbox 0 0 1436 4846">
    <p class='ocr_par' dir='ltr' id='par_1_13' title="bbox 0 0 1436 4846">
     <span class='ocr_line' id='line_1_38' title="bbox 0 0 1436 4846; baseline 0 0"><span class='ocrx_word' id='word_1_277' title='bbox 0 0 1436 4846; x_wconf 95' lang='lat' dir='ltr'><em> </em></span> 
     </span>
    </p>
   </div>
  </div>
 </body>
</html>
