2864 4846
154 204 204 260 120
262 209 265 213 ’

154 365 471 448 ..·„pentasemum
501 365 571 444 fiat,
610 384 743 448 sequens
770 383 843 429 vero
874 365 1054 449 heptasemo
1084 367 1264 444 subsistat“

156 471 183 535 si
207 471 327 548 omnia,
361 489 442 552 quae
463 468 557 534 attuli
579 470 765 554 argumenta
788 469 946 548 deessent,
979 491 1077 537 unum
1098 473 1158 536 hoc
1177 472 1263 557 frag·

155 575 311 652 mentum,
342 574 424 656 quod
454 573 611 639 invenitur
635 575 669 638 in
692 574 788 639 schol.
811 574 981 658 Hephaest.
1013 575 1098 654 (edit.
1120 577 1263 660 Westph.

154 701 182 763 p.
199 681 255 756 77)
277 677 435 744 sufficeret
464 677 694 757 demonstrare,
732 679 840 744 vetera
862 679 982 745 scholia
1004 679 1175 746 Heliodoro
1198 700 1264 746 esso

154 783 337 862 tribuenda,
370 776 575 869 Ἡλιόδωρος
602 781 641 868 δή
667 802 748 868 φησι
770 777 909 865 κοσμίαν
930 774 1015 848 εἶναι
1036 789 1101 848 τῶν
1122 807 1264 850 παιωνι-

154 888 218 951 κῶν
246 885 328 950 κατὰ
359 880 449 951 πόδα
478 880 591 973 τομήν,
629 882 760 973 dcccci]
787 878 970 963 ἀνάπαυσις
995 887 1129 953 διδοῦσα
1149 885 1264 973 χρόνον

153 986 334 1077 ἓξασήμοας
351 989 410 1066 τὰς
430 984 544 1073 βάσεις
565 995 647 1077 ποιῇ
668 987 722 1055 καὶ
745 985 904 1077 ἰσομερεῖς
926 985 970 1067 ὡς
990 989 1049 1068 τὰς
1070 986 1178 1070 ἄλλας.
1215 993 1264 1059 his

154 1097 253 1180 igitur
287 1115 323 1160 ex
361 1095 478 1174 verbis,
516 1095 724 1166 Heliodorum
762 1097 834 1180 post
866 1115 1119 1180 unumquemque
1151 1097 1264 1181 pedem

154 1201 239 1266 facta
269 1200 435 1278 incisione,
473 1200 613 1283 singulos
646 1201 740 1284 pedes
773 1220 835 1266 non
872 1195 1097 1287 πεντασήμονς
1134 1200 1190 1267 sed
1226 1204 1265 1269 ob

156 1297 392 1384 ,,α’νάποοσιν“
416 1299 593 1391 ἑξοσήμοας
615 1324 682 1370 esse
700 1304 877 1384 docentem,
901 1307 960 1371 hoc
978 1308 1115 1372 metrum
1135 1307 1264 1390 paeoni·

156 1430 228 1474 cum
246 1409 391 1475 habuisse
421 1410 620 1492 rhythmum,
657 1408 749 1474 facile
772 1409 879 1493 colligi
911 1412 1024 1492 potest.
1070 1411 1265 1478 conferentes

155 1533 228 1579 curn
249 1513 305 1578 illo
327 1514 491 1579 Heliodori
512 1513 689 1598 fragmento
708 1514 921 1598 verba-quae
942 1516 1067 1582 exstant
1088 1516 1169 1598 apud
1187 1516 1264 1582 Dio-

153 1617 277 1684 medem
298 1618 359 1699 (ad.
383 1618 479 1684 Gaisf.
501 1639 530 1701 p.
545 1623 621 1698 484)
641 1621 736 1684 haec:
767 1619 1066 1703 „elegantissimum
1087 1621 1135 1686 est
1156 1619 1263 1704 igitur,

156 1743 226 1789 curn
255 1743 311 1806 per
335 1722 475 1806 singulos
503 1724 597 1806 pedes
633 1742 725 1805 pars
764 1722 968 1788 orationis
1002 1725 1265 1807 imple'atur,“

156 1827 267 1892 deinde
286 1829 407 1906 autem,
432 1848 510 1911 quae
530 1828 680 1911 leguntur
696 1827 778 1911 apud
793 1828 933 1893 Marium
948 1827 1146 1893 Victorinum
1165 1849 1194 1912 p.
1208 1836 1248 1897 87
1256 1851 1264 1894 ε

155 1929 273 2012 (plures
302 1930 470 1995 incisiones
504 1931 536 1995 et
571 1949 658 2009 eam,
696 1950 774 2012 quae
808 1933 921 2012 quarta
950 1950 1077 1996 caesura
1107 1933 1265 2015 partem

156 2035 356 2099 orationis
377 2036 642 2115 terminat,)“
676 2037 768 2118 pauci
790 2035 963 2119 negabunt,
987 2037 1083 2102 verba
1104 2037 1265 2103 Diomedis

154 2138 239 2204 idom
260 2139 451 2223 significare,
476 2140 557 2223 qnod
579 2139 743 2206 Heliodori
764 2141 858 2204 haec:
880 2135 1018 2221 κοσμίαν
1039 2144 1103 2203 τῶν
1126 2164 1265 2206 παιωνι-

154 2244 216 2305 κῶν
250 2240 307 2329 τὴν
345 2240 426 2306 κατὰ
459 2237 548 2308 πόδα
582 2266 628 2307 σο
636 2267 659 2323 μ
668 2236 686 2329 ή
696 2267 722 2307 ν.
767 2243 1057 2310 manifestissimum
1083 2245 1182 2328 igitur
1210 2247 1266 2324 est,

155 2346 338 2412 Diomedem
359 2348 452 2430 paulo
474 2367 568 2430 supra
590 2348 764 2414 dicentem:
789 2348 995 2431 „paeonicum
1010 2350 1162 2427 metrum,
1185 2348 1268 2432 quod

78 2534 88 2561 Ι
114 2456 117 2461 ’
155 2451 294 2535 plerique
313 2452 526 2535 rhythmicum
550 2472 618 2517 esse
640 2447 784 2518 dixerunt
793 2459 822 2531 ,“
845 2452 1037 2518 intellexisse
1050 2441 1266 2519 Hehodorum.
1293 2532 1302 2549 ο

120 2563 126 2572 ”
154 2555 264 2621 eadem
293 2555 357 2620 fere
386 2556 482 2620 verba
513 2554 595 2640 apud
618 2557 698 2621 Mar.
715 2555 867 2621 Victoria.
893 2562 976 2641 (pag.
995 2563 1072 2636 130),
1101 2557 1277 2642 leguntnrt·

154 2662 216 2738 „ut
244 2660 385 2744 plerique
415 2661 474 2725 hoc
492 2662 630 2726 metrum
665 2662 849 2744 rhythmum
872 2662 1024 2726 creticum
1048 2662 1208 2727 dixerint“
1235 2663 1267 2729 et

153 2764 247 2848 paulo
275 2783 384 2847 supro:
421 2765 530 2848 „quod
554 2767 659 2829 tamen
688 2761 792 2849 magis
821 2767 967 2848 rhythmo
996 2767 1029 2830 id
1056 2768 1105 2830 est
1126 2786 1265 2845 numero,

154 2887 250 2950 quam
271 2870 373 2934 metro
395 2887 581 2952 congruere,
605 2869 741 2936 varietas
761 2869 829 2952 ipsa
848 2870 1082 2952 compositionis
1099 2870 1266 2936 ostendit.“

154 2992 254 3056 neque
277 2972 405 3038 minoris
428 2974 581 3038 momenti
604 2975 677 3038 sunt
693 2972 804 3052 verba,
826 2992 904 3056 quac
925 2974 1017 3056 paulo
1040 2978 1112 3057 post
1130 2994 1265 3057 sequun-

154 3078 223 3141 tur:
262 3077 473 3155 ,‚bachiaoum
500 3078 600 3160 igitur
622 3077 852 3161 dirhythmum,
889 3078 1129 3163 trirhythmum,
1166 3081 1265 3144 tetra-

156 3182 339 3264 rhythmum
349 3186 376 3258 ,“
398 3181 475 3246 haec
496 3180 674 3265 appellandi
694 3181 790 3259 ratio,
812 3183 849 3246 ut
871 3182 1018 3248 abhorret
1041 3183 1079 3246 ab
1102 3183 1266 3266 Hephaes-

153 3285 249 3351 tionis
273 3287 305 3350 et
327 3286 537 3350 recentiorum
560 3286 840 3369 grammaticorum
860 3305 937 3365 usu,
960 3287 1006 3351 ita
1028 3285 1111 3371 apud
1125 3290 1265 3353 veterem

154 3389 358 3455 scholiastam
384 3388 451 3453 sola
480 3392 529 3454 est
556 3392 588 3455 et
617 3390 868 3473 frequentissima
898 3391 936 3454 cf.
970 3391 1066 3455 schol.
1087 3389 1165 3457 Aah.
1191 3398 1264 3457 204.

60 3541 63 3548 .
155 3512 201 3576 eq.
219 3500 290 3558 284.
326 3500 398 3559 382.
451 3496 613 3577 praeterea
645 3494 707 3559 alia
739 3495 894 3578 permulta
926 3496 1127 3562 inveniuntur
1158 3494 1263 3576 verba,

155 3617 233 3679 quae
269 3598 352 3682 apud
386 3597 523 3663 Atilium
556 3600 817 3664 Fortunatianum
852 3601 884 3664 et
912 3600 1050 3664 Marium
1078 3599 1159 3664 Vici.
1197 3602 1263 3665 tam

154 3702 269 3768 similia
292 3703 380 3768 nobis
404 3705 587 3782 occurrunt,
610 3705 646 3769 ut
667 3723 703 3768 ex
722 3703 831 3769 ecdem
854 3705 940 3768 fonte
961 3705 1073 3769 hausta
1088 3704 1262 3770 videantur.

154 3807 347 3873 conferentes
379 3808 463 3872 enim
491 3807 572 3891 apud
600 3809 679 3873 Mar.
703 3807 740 3871 V.
772 3808 845 3872 libri
872 3808 966 3890 primi
996 3827 1063 3891 cap.
1087 3807 1162 3873 XVI
1191 3828 1263 3874 cum

155 3912 259 3978 verbis
280 3909 378 3990 Atili,
411 3931 489 3995 quae
515 3914 637 3977 exstant
666 3902 709 3975 in'
727 3903 846 3977 librili
870 3931 936 3995 cap.
954 3920 1011 3990 28,
1040 3914 1164 3977 tantum
1187 3932 1261 3979 con-

154 4035 279 4081 sensum
299 4017 404 4094 inre,
438 4016 470 4080 in
492 4016 595 4082 verbis
619 4017 725 4081 autem
752 4018 873 4082 tantam
896 4016 1039 4083 videmus
1063 4017 1261 4082 dissimilitu-

82 4172 84 4177 .
153 4120 274 4198 dinem,
308 4122 429 4185 utnon
451 4140 549 4186 unum
572 4122 610 4186 ab
632 4122 730 4186 altero
753 4122 918 4204 petivisse,
956 4120 1012 4185 sed
1033 4123 1201 4205 utrumque
1225 4143 1261 4186 er

154 4224 263 4290 eodem
290 4225 376 4290 fonte
405 4225 546 4291 hausisse
580 4228 736 4312 appareat.
782 4225 944 4311 exponitur
973 4226 1080 4294 eutem
1109 4226 1147 4290 ab
1172 4227 1260 4292 utro·
