2864 4846
155 202 208 257 118

153 378 219 425 rem
242 379 319 424 6666.
364 359 525 446 graviores
556 361 662 425 autem
689 363 721 425 61
751 360 977 445 frequentiores
1005 360 1055 426 his
1077 360 1264 446 fragmentis

155 463 296 529 eiusdem
326 464 500 530 6661661166
530 465 628 531 166166
654 466 727 530 sunt
756 465 924 550 scriptores
954 464 1078 530 metrici
1104 464 1199 531 latini
1228 484 1286 537 ex‘

156 567 206 633 his
234 569 434 651 potissimum
463 568 583 633 Marius
611 568 807 648 Victorinus,
851 567 970 635 Atilius
1007 568 1264 649 Fortunatiauus,

155 672 333 738 Diomedes.
385 673 419 737 in
448 673 543 738 Marii
574 676 680 740 autem
709 672 865 739 Victorini
897 672 1025 739 secundi
1059 671 1133 737 libri
1164 674 1266 757 capite

129 795 237 842 ·nono
269 778 346 843 haec
375 777 541 862 leguntur:
579 776 650 856 „At
677 778 755 844 Iuba
783 778 905 856 nostor,
940 777 993 861 qui
1013 775 1096 842 inter
1117 779 1266 845 metricos

158 880 379 948 auctoritatem
400 881 519 965 primae
540 882 724 948 eruditionis
753 881 904 960 obtinuit,
932 880 1081 947 insistens
1102 881 1267 948 Heliodori

155 986 315 1069 vestigiis,
354 987 407 1069 qui
435 987 518 1051 inter
539 985 676 1052 Graecos
698 986 827 1052 huiusce
856 987 940 1052 artes
970 984 1266 1071 66116166661661-

156 1109 228 1156 mus
254 1089 517 1156 66166166661“
563 1092 692 1174 apparet
719 1091 819 1174 igitur
839 1091 900 1154 hoo
927 1089 1014 1168 loco,
1044 1107 1120 1173 quos
1138 1089 1267 1175 potissi-

156 1213 244 1260 mum
266 1194 312 1258 rei
334 1192 484 1260 metricae
500 1194 670 1278 magistros
686 1194 807 1260 Marius
823 1193 906 1259 Vict.
928 1193 1119 1259 6666166611.
1144 1195 1269 1260 exstant

115 1362 119 1369 .
155 1300 262 1365 autem
284 1296 366 1384 apud
388 1299 509 1363 ceteros
531 1297 680 1364 metricos
711 1301 743 1362 61
772 1297 957 1381 praesertim
985 1297 1068 1380 apud
1088 1295 1165 1362 Atii.
1189 1298 1267 1362 ror-
1357 1380 1360 1387 Ι

156 1401 358 1468 tunatianum
379 1403 412 1467 61
433 1402 618 1468 Diomedem
645 1401 707 1467 loci
738 1401 904 1487 permulti,
943 1401 997 1482 qui
1018 1400 1053 1464 in
1074 1399 1179 1466 verbis
1203 1400 1268 1466 dis·

157 1525 298 1586 sensum,
318 1506 351 1572 in
373 1526 407 1573 re
423 1508 528 1572 autem
542 1487 667 1572 tantffln
685 1524 757 1571 curn
770 1505 872 1571 Mario
889 1504 1058 1570 ostendunt
1074 1523 1267 1584 consensum,

157 1613 194 1676 ut
217 1631 253 1676 ex
283 1611 393 1677 eodem
422 1611 508 1676 fonte
538 1629 740 1694 promanasse
775 1628 827 1676 eos
857 1608 1059 1675 manifestum
1096 1609 1148 1674 sit.
1193 1627 1269 1674 con-

156 1716 292 1781 ferentes
326 1713 443 1781 idcirco
477 1714 559 1799 apud
591 1715 670 1780 Mar.
691 1713 902 1799 ,Victorinum
937 1713 1055 1779 librum
1087 1712 1268 1794 secundum,

157 1818 240 1902 apud
254 1817 333 1884 Atil.
347 1821 433 1884 Fert.
449 1818 519 1884 libr.
535 1819 568 1884 Π
582 1818 655 1884 inde
672 1838 691 1884 6
707 1838 772 1901 cap.
788 1817 864 1898 VH,
886 1819 919 1884 et
934 1816 1120 1883 Diomedem
1133 1816 1206 1883 libr.
1221 1817 1269 1882 HI

55 1971 57 1975 >
156 1922 229 1988 inde
250 1943 269 1988 a
292 1942 358 2007 666.
374 1922 448 2001 XX,
479 1924 606 1989 tantum
628 1922 771 1989 uidemus
793 1923 826 1987 16
848 1922 959 1987 metris
981 1921 1171 2005 explicandis
1194 1939 1269 1988 eon·

158 2046 300 2105 sensum,
328 2029 365 2092 ut
387 2027 426 2093 ad
446 2046 545 2092 unum
565 2028 723 2093 auctorem
749 2046 897 2112 magnam
925 2028 1049 2110 partem
1068 2025 1184 2091 referre
1207 2044 1270 2090 non

26 2182 27 2186 ¹
158 2130 345 2196 dubitemus.
390 2131 445 2196 sed
467 2131 604 2197 66116161
625 2133 706 2197 hanc
729 2151 813 2210 rem,
839 2130 876 2197 de
899 2150 960 2215 qua
982 2131 1107 2214 postero
1127 2130 1269 2212 tempore

157 2235 335 2301 accuratius
356 2235 517 2318 disputare
540 2235 630 2301 nobis
650 2235 846 2319 propositum
870 2237 934 2312 661,
957 2235 1017 2300 hoc
1040 2217 1109 2299 loco
1133 2232 1269 2299 strictim

158 2339 332 2424 attingere,
365 2359 439 2406 nam
470 2338 531 2405 alia
552 2339 704 2407 nonnulla
728 2341 914 2424 argumenta
941 2339 1019 2404 satis
1042 2337 1268 2427 demonstrant,

157 2462 192 2508 re
223 2462 300 2508 vera
327 2445 435 2509 vetera
464 2443 583 2508 scholia
614 2442 784 2509 Heliodoro
823 2443 954 2509 metrico
990 2441 1157 2508 tribuenda
1190 2460 1268 2507 6666.

159 2548 263 2613 exstat
291 2547 374 2613 enim
409 2548 491 2632 apud
519 2549 564 2613 M.
587 2546 669 2612 Vict.
703 2547 792 2612 locus
827 2547 860 2612 in
893 2545 1004 2611 libriI
1031 2564 1097 2629 cap.
1121 2552 1179 2623 12,
1214 2544 1270 2610 611

158 2651 309 2730 traditur,
346 2651 518 2738 dactylicos
543 2670 668 2730 versus,
700 2651 751 2715 si¹
773 2649 946 2716 hexametri
968 2648 1098 2715 modum
1119 2647 1270 2715 excedant

158 2774 215 2839 per
237 2755 378 2840 dipodius
401 2757 504 2837 caedi,
535 2757 568 2822 61
595 2756 760 2840 periodum
791 2745 1035 2838 decempedam
1056 2772 1119 2818 non
1149 2752 1269 2819 deca-

158 2861 331 2926 metrum
359 2861 415 2926 sed
443 2861 746 2944 pentametrum
767 2858 934 2942 appellari.
978 2857 1028 2923 cui
1050 2857 1120 2922 loco
1142 2875 1269 2940 compa·

159 2965 267 3030 rantes
299 2965 332 3030 16
354 2965 426 3031 libri
441 2966 474 3030 11
497 2983 562 3048 666.
580 2965 628 3029 ΠΙ
659 2963 784 3049 „igitur
814 2982 888 3028 cum
915 2961 1131 3046 anapaesticus
1161 2981 1270 3028 versus

161 3071 193 3134 et
214 3071 336 3153 septam
358 3069 475 3135 616616
491 3069 606 3153 pedum
626 3069 815 3151 reperiatur,
837 3067 994 3150 placuisse
1013 3064 1183 3131 maioribus
1199 3086 1271 3132 eum

161 3191 216 3256 per
232 3173 375 3257 syzygias
392 3173 497 3252 caedi,
520 3193 593 3239 non
615 3173 733 3251 61166,
756 3170 924 3254 quamsi
947 3169 1141 3254 dactylus
1165 3190 1271 3254 super·

162 3276 345 3362 graderetur
367 3278 597 3356 hexametrum,
621 3277 729 3361 utique
744 3295 800 3360 per
815 3274 960 3360 syzygias
979 3273 1216 3354 scanderetur,“
1239 3276 1272 3339 et

162 3381 308 3457 tertium,
330 3381 383 3464 qui
403 3382 497 3465 66616
518 3383 600 3448 infra
622 3381 763 3466 sequitur
777 3380 860 3463 (22):
889 3398 995 3462 „quae
1021 3377 1167 3462 periodus
1188 3378 1273 3444 circa
1308 3403 1310 3407 ’

163 3504 217 3550 sex
240 3487 383 3552 versatur
405 3485 544 3569 dipodius
553 3492 581 3566 ,“
620 3504 779 3551 summum
801 3484 943 3550 videmus
963 3482 1048 3549 inter
1076 3484 1155 3548 haec
1177 3481 1273 3550 verba

161 3589 258 3656 Marii
279 3590 317 3656 V.
348 3592 381 3657 et
399 3590 528 3665 ,scholia
557 3593 666 3657 vetera
694 3607 896 3667 consensum,
934 3588 973 3652 cf.
1004 3586 1272 3669 661161666826

163 3688 317 3780 περίοδος
347 3686 566 3781 decamanus}
595 3685 1046 3777 ἑννεακαιτριακοντάμετρος,
1085 3691 1271 3773 6611616611.

166 3804 245 3877 154,
277 3805 356 3876 974,
387 3806 486 3878 1320;
530 3801 628 3866 schol.
657 3799 794 3865 Acharn.
820 3804 903 3862 1143
932 3798 965 3862 61
993 3795 1071 3861 alios
1099 3795 1272 3879 permultos

163 3902 259 3969 locos.
305 3902 416 3970 deinde
440 3903 523 3987 apud
544 3905 589 3972 M.
612 3904 811 3970 Victorinum
832 3903 865 3966 in
887 3900 959 3966 libri
974 3901 1007 3964 Π
1025 3920 1091 3983 666.
1108 3900 1156 3964 ΠΙ
1178 3898 1276 3965 66666

235 4144 250 4198 1
271 4142 445 4198 Scribendum
464 4145 554 4199 autem
572 4161 634 4215 pag.
649 4146 697 4199 71:
714 4145 744 4199 hi
762 4145 808 4215 qui
826 4145 895 4213 66161
914 4159 968 4198 666
986 4143 1049 4196 sunt
1066 4141 1141 4211 (nilsi
1158 4157 1206 4210 per
1218 4140 1273 4195 sin·

163 4230 242 4303 gulos
260 4230 342 4301 pedes
360 4230 492 4288 sonantur
