2864 4846
205 279 239 332 36
623 273 730 329 Scholia
748 274 776 328 in
797 273 890 328 nubes.

293 438 489 499 518-562.
535 425 662 516 ήὲπτὰ1
700 429 739 519 δή
772 425 874 497 ὄντων
911 432 974 496 τῶν
1003 435 1059 518 τῆς
1092 421 1312 517 παραβάσεως

203 541 325 626 μερῶν,
365 527 416 624 ἐφ’
448 532 584 602 ἕκαστον
618 539 682 601 τῶν
721 525 965 619 άπολελυμένων
1001 540 1097 622 τριῶν
1132 529 1265 599 τίθεται
1295 526 1316 620 ἡ

205 636 427 730 παράγραφος.
450 633 506 722 οάχ
527 631 622 728 ἧττον
644 639 680 705 δὲ
702 639 758 706 καὶ
778 637 839 706 ἐπὶ
858 643 916 735 τοῖν
937 636 1052 732 μέλους
1074 635 1130 704 καὶ
1148 643 1205 704 τοῦ
1220 633 1316 722 ἐπιρ-

204 821 311 883 μετρον
327 809 356 861 ἐκ
369 777 535 880 χοριάμβου
554 806 601 860 καὶ
619 809 750 873 βακχείαν
792 802 823 857 τὸ
845 802 869 857 δ
888 803 988 875 ὅμοιον
1009 808 1049 873 τῷ
1067 803 1103 874 γ’.
1126 802 1167 866 Ιτὸ
1189 801 1215 858 ε’
1241 801 1314 872 ἔκβ

114 950 122 957 ,
201 894 377 970 χοριάμβων.
417 889 449 944 τὸ
468 889 492 953 ς’
512 891 542 944 ἐκ
564 887 713 960 διιάμβου,
744 887 904 964 χοριάμβου
929 893 976 943 καὶ
1000 892 1141 958 συλλαβῆς.
1179 889 1211 943 τὸ
1232 889 1258 951 ζ’
1286 889 1315 943 ἔκ

200 979 362 1052 χοριάμβου
381 981 428 1032 καὶ
446 974 640 1052 ἀμφιμάκρου.
661 975 693 1029 τὸ
713 974 736 1043 η’
756 977 785 1029 ἔκ
803 974 961 1051 χοριάμβου
980 978 1027 1031 καὶ
1044 981 1185 1046 βακχείου,
1217 977 1278 1030 εἶτα
1298 975 1315 1043 ή

204 1050 364 1139 παράβασις
381 1065 410 1117 ἔκ
427 1067 580 1138 τροχαϊκῶν
596 1065 786 1136 τετραμέτρων
811 1065 1020 1137 καταληκτικῶν
1042 1059 1093 1135 με’
1118 1066 1315 1135 συνισταμένη,

204 1141 244 1208 οἷν
264 1155 419 1210 τελευταῖος

377 1251 404 1310 ἐς
422 1248 470 1310 τάς
487 1248 558 1324 ὥρας
574 1249 622 1309 τὰς
639 1249 733 1324 ἑτέρας
753 1247 784 1303 εὖ
804 1245 919 1323 φρονεῖν
938 1249 1097 1317 δοκήσεται.

205 1359 314 1426 λέγεται
334 1354 367 1408 δὲ
383 1352 533 1426 τροχαϊκὸν
551 1357 636 1406 τοῦτο
657 1351 688 1406 τὸ
705 1355 821 1426 μέτρον,
844 1353 896 1422 οὐχ
914 1349 958 1406 ὅτι
975 1350 1065 1422 μόνον
1085 1358 1231 1428 τροχαίους
1247 1352 1313 1422 ἔχει,

205 1442 262 1495 ἀλλ’
282 1441 311 1494 ἐκ
328 1443 380 1493 τοῦ
399 1436 600 1500 πλεονάζοντος
618 1441 665 1491 καὶ
682 1435 798 1509 μάλισθ’
820 1436 863 1490 ὅτι
883 1438 912 1491 ἐκ
933 1437 1040 1500 παντὸς
1056 1439 1108 1493 τὸν
1126 1438 1150 1500 ζ’
1170 1437 1246 1493 πόδα
1265 1439 1316 1494 τὸν

203 1526 258 1602 πρὸ
279 1532 325 1593 τῆς
344 1528 539 1591 καταληκτικής
565 1526 700 1592 συλλαβῆς
724 1529 859 1598 τροχαῖον
878 1524 942 1595 ἔχει.
980 1522 1187 1600 παράβασις-δε
1205 1528 1315 1596 λέγετον

201 1617 285 1668 τοῦτο
304 1612 335 1665 τὸ
354 1610 495 1682 σύστημα,
523 1610 566 1664 ὅτι
586 1613 614 1663 οῖ
631 1614 749 1676 ποιηταὶ
768 1608 805 1671 ὠς
821 1610 851 1663 εκ
870 1607 1011 1682 στόματος
1030 1615 1079 1664 τοῦ
1093 1616 1185 1683 χοροῦ
1203 1612 1314 1682 ἐξέφαι-

204 1719 253 1754 νον
272 1697 341 1774 πρὸς
360 1696 426 1757 τοὺς
444 1694 556 1760 θεατάς,
585 1695 603 1749 ἀ
620 1693 766 1765 ἐβούλοντο
784 1700 920 1766 γενέσθαι
939 1696 1036 1757 αὐτοῖς
1054 1695 1090 1756 ὦς
1110 1700 1226 1758 οἰκείοις
1245 1715 1315 1770 προ-

204 1782 308 1843 σώποις
325 1789 382 1842 τοῖς
403 1788 501 1856 χοροῖς
519 1786 694 1856 κεχρημένοι,
725 1781 796 1853 ὅπερ
819 1783 866 1834 καὶ
890 1787 941 1835 νῦν
964 1772 1046 1841 οὗτος
1064 1789 1144 1838 ποιεῖ
1160 1782 1197 1836 δι’
1219 1786 1315 1837 αἰτίαν
1391 1853 1395 1857 ἡ

205 1868 346 1936 τοιαύτην·
374 1866 459 1938 νόμος
487 1865 522 1934 ἦν
545 1867 706 1934 Ἀθηναίοις
731 1865 817 1939 μήπω
842 1866 904 1921 τινὰ
931 1867 1002 1924 ἐτῶν
1029 1865 1052 1920 λ’
1082 1866 1220 1938 γεγονότα
1245 1866 1315 1936 μήτε

204 1958 298 2032 δρᾶμα
317 1949 518 2024 ἀναγινώσκειν
537 1952 567 2006 ἓν
586 1949 706 2028 θεάτρῳ,
726 1950 795 2023 μήτε
819 1954 996 2027 δημηγορεῖν.
1014 1953 1102 2024 τούτῳ
1119 1959 1158 2023 τῷ
1171 1950 1252 2024 ’νόμῳ
1268 1955 1315 2007 καὶ

204 2038 366 2114 ὁκωμικὸς
393 2030 472 2098 οὗτος
499 2036 666 2112 εἰργόμενος
691 2035 827 2112 πρότερον
855 2036 903 2090 διά
930 2038 962 2092 τό
988 2039 1028 2111 μὴ
1048 2038 1256 2113 τριακονταετής
1274 2039 1314 2092 ἔτι

203 2125 352 2197 ὑπάρχειν,
382 2128 472 2179 ποιῶν
493 2121 622 2198 δράματα
642 2122 691 2177 διά
712 2125 894 2180 Φιλωνίδου·
917 2126 965 2177 καὶ
981 2123 1195 2198 Καλλιστράτου
1221 2124 1314 2194 ἀνεγί-

203 2230 312 2268 νωσκεν
329 2215 367 2270 εἰς
383 2207 414 2263 τὸ
433 2213 563 2283 θέατρον,
584 2199 623 2263 ὦν
640 2208 670 2262 ἓν
688 2207 723 2276 ήν
738 2207 769 2262 τὸ
794 2213 849 2262 τῶν
866 2211 1030 2264 Δαιταλέων
1048 2207 1216 2280 λεγόμενον,
1245 2210 1275 2264 ἔν
1293 2198 1316 2278 ᾧ

204 2297 256 2353 δύο
276 2294 411 2367 εἰσήγαγε
428 2294 561 2370 μειράκια
579 2292 783 2365 διαλεγόμενα,
804 2292 918 2368 σῶφρόν
937 2312 967 2349 τε
985 2299 1033 2348 καὶ
1045 2293 1169 2369 αἰσχρόν.
1186 2300 1234 2350 καὶ
1245 2298 1314 2350 πολ-

203 2386 264 2443 λοῖς
288 2387 344 2437 τῶν
371 2379 482 2435 θὲατῶν
506 2381 679 2455 ἔπηνέσθηῑ),
709 2380 739 2434 οἰ
767 2385 863 2451 μέντοι
888 2383 935 2435 καὶ
964 2385 1108 2448 νενίκηκεν
1140 2383 1169 2436 ἔν
1192 2380 1315 2451 τούτῳὸ

203 2467 325 2537 ποιητής.
355 2465 453 2537 έπιβάς
472 2467 503 2522 δὲ
520 2465 574 2534 ήδη
599 2472 648 2520 τοῦ
665 2464 688 2519 λ’
707 2467 799 2531 ἔτους,
830 2469 877 2548 καλ
897 2471 977 2528 τοῦτο
996 2466 1030 2534 δή
1051 2465 1083 2520 τὸ
1103 2473 1159 2522 τῶν
1179 2471 1315 2540 Νεφελῶν
1354 2492 1359 2503 ·

203 2553 324 2621 ποιήσας
342 2552 378 2607 δι’
397 2554 497 2606 ἑαυτοῦ
517 2551 658 2617 διδάσκει,
676 2555 723 2606 καλ
741 2556 815 2606 αἰτεῖ
832 2553 910 2625 παρά
930 2557 986 2606 τῶν
1003 2557 1124 2619 θεατῶν,
1143 2550 1222 2607 ἀδεῖ
1236 2556 1315 2623 γενέ-

186 2646 273 2694 ’σθαι
296 2637 383 2709 αὐτῷ,
406 2636 467 2705 ήτοι
493 2637 524 2692 τὸ
542 2642 655 2705 νικήσαι
679 2644 717 2707 τῷ
741 2635 873 2710 δράματι.
902 2628 994 2715 vien]
1049 2637 1132 2692 εδιά
1153 2639 1314 2692 Φιλωνίδου

202 2727 279 2796 Βες,
298 2726 330 2780 ut
347 2724 537 2780 emendaverat
554 2723 741 2788 Hermam,
768 2722 837 2779 vict.
854 2726 902 2778 καὶ
922 2728 985 2779 φιλ.
1076 2724 1094 2780 b
1116 2725 1239 2801 βπηνένη
1262 2723 1314 2779 Βε-

202 2812 272 2882 gius.
293 2811 363 2867 Dfib.
384 2812 526 2887 ἒπηνέσθη

294 2913 322 2967 1·
343 2910 422 2966 Alius
451 2909 649 2967 Grammaticus
676 2909 750 2965 haec
782 2906 874 2965 donet:
907 2907 929 2964 ὧ
959 2907 1118 2982 θεῶμενοιε
1156 2906 1315 2983 παράβασις

201 3002 251 3051 τοῦ
265 3002 359 3073 χοροῦ
374 2997 407 3053 R.
426 2996 459 3051 V.
500 2991 564 3077 [[‘H
584 2994 743 3070 παράβασις
766 2997 848 3050 δοκεῖ
871 2994 925 3068 μὲν
950 2995 980 3049 ἐκ
999 3001 1049 3050 τοῦ
1062 2999 1151 3072 χοροῦ
1172 2997 1313 3065 λέγεσθαι.

202 3073 312 3152 εἰσάγει
334 3082 366 3136 δὲ
384 3081 416 3135 τὸ
436 3083 534 3149 ἑαυτοῦ
548 3080 705 3156 πρόσωπον
724 3079 739 3134 ὃ
757 3070 902 3155 ποιητήςή
928 3079 1137 3155 παράβασις-δέ
1152 3079 1228 3134 ἔστιν
1247 3077 1314 3134 ὅταν

201 3167 252 3221 ιἐκ
274 3173 321 3235 τῆς
342 3170 478 3242 προτέρας
502 3165 624 3227 στάσεως
642 3164 762 3241 ὀχυρὸς
787 3167 910 3240 μεταβὰς
933 3166 1037 3226 οὕτως’)
1065 3167 1226 3241 ἀπαγγέλλη
1243 3166 1316 3240 πρὸς

202 3253 259 3309 τὸν.
273 3254 366 3325 δῆμον
382 3253 504 3328 ἀφορῶν.
523 3254 603 3323 (εἴδη.
616 3253 647 3307 δὲ
665 3251 853 3327 παραβάσεων
871 3249 954 3307 ἑπτά·
971 3253 1051 3327 άπλᾶ,
1066 3252 1120 3323 μὲν
1138 3258 1218 3327 τρία,
1242 3249 1313 3306 κατά

202 3338 234 3392 δὲ
253 3341 369 3407 σχέσιν
387 3337 514 3412 τέσσαρα.
532 3337 566 3392 τά
585 3339 639 3410 μὲν
656 3336 708 3392 οὖν
725 3338 802 3392 ἀπλά
820 3339 878 3394 ἔστι
889 3344 997 3417 ταῦτα·
1015 3337 1190 3412 κομμάτιον·
1221 3337 1314 3412 παρά-

96 3419 98 3423 ’
201 3431 283 3493 βασις
302 3421 470 3495 ὁμωνύμως,
494 3423 575 3491 ἣκαλ
594 3421 770 3487 ἀνάπαιστος
785 3428 923 3491 καλεῖται,
949 3424 1012 3479 ἐπεὶ
1030 3421 1166 3485 πολλάκις
1182 3425 1212 3478 έν
1228 3420 1313 3498 ταύτῃ

201 3508 262 3579 θτῷ
280 3511 442 3579 ἀναπαίστῳ
454 3514 571 3581 χρῆται·
598 3515 732 3580 θπνῖγος,
761 3510 844 3566 Bm
862 3509 978 3586 μακρόν.
1008 3509 1042 3565 τά
1062 3512 1093 3565 δὲ
1116 3509 1185 3565 κατὰ
1206 3514 1311 3581 σχέσιν,

203 3593 326 3670 στροφή,
348 3595 539 3670 ἀντίστροφος,
566 3597 719 3670 ἐπίρρημα,
744 3595 946 3671 άντεπίρρημα.
964 3596 980 3663 ἡ
996 3597 1049 3666 μέν
1069 3595 1121 3653 οὖν
1140 3595 1246 3672 στροφὴ
1263 3596 1310 3666 καὶ

202 3679 394 3753 ἀντίστροφος
420 3687 641 3751 συνεμπίπτονσι
670 3679 738 3735 κατὰ
764 3679 796 3735 τὸ
813 3689 917 3755 μέτρον
935 3684 983 3735 καὶ
1000 3681 1140 3736 τάκῶλα·
1169 3679 1263 3735 πάλιν
1275 3679 1331 3735 τὸ·

202 3765 341 3842 ἐπίρρημα
364 3771 410 3821 καὶ
428 3767 460 3821 τὸ
480 3765 681 3842 ἀντεπίρρημα.
720 3767 805 3838 [τινες
828 3767 859 3822 δὲ
883 3772 1069 3843 προστιθέασι
1090 3771 1137 3822 καλ
1163 3766 1238 3837 ᾠδήν
1262 3767 1309 3819 καλ

202 3849 337 3922 ἀντῳδήν.
360 3854 455 3922 έχουσι
473 3852 528 3928 γάρ
546 3844 696 3908 καὶταῦτα
714 3857 811 3923 σχέσιν
830 3852 903 3930 πρὸς
921 3852 1045 3925 ἄλληλα]
1080 3853 1167 3924 ἡμὲν
1185 3849 1235 3905 οὖν
1253 3871 1309 3906 πα-

200 3935 318 4010 ράβασις
335 3938 352 3990 ά
368 3939 397 3992 ἐκ
412 3937 518 3994 τούτων
528 3936 697 4011 Ισυγκειμένη
716 3943 808 3994 τελεία
826 3940 894 3993 ἔστί.
915 3936 970 3994 είσλ
988 3940 1019 3994 δὲ
1038 3942 1085 3993 καὶ
1097 3936 1202 4000 ἀτελεῖς
1214 3958 1307 4011 παρα-

200 4013 366 4089 βάσεις,.υἷν
385 4024 443 4078 ἔστι
462 4029 509 4077 καὶ
527 4023 633 4095 αὕτη.)-
685 4023 792 4085 εεκτὸς
810 4045 887 4101 προτ.
904 4025 937 4079 R.
957 4025 986 4078 ἒκ
1002 4029 1048 4092 τῆς
1065 4027 1201 4098 προτέρας
1220 4021 1307 4080 Dfibn.

199 4105 217 4161 b
239 4104 326 4169 οὕτως
343 4109 376 4163 V.
396 4112 424 4166 et
441 4113 472 4165 ut
489 4111 594 4166 videtur
617 4112 659 4178 R„
680 4113 709 4166 in
728 4127 779 4182 quo
798 4104 893 4167 litera'e
912 4112 1090 4167 evanuerunt.
1116 4110 1262 4183 ἀπαγγέλη
1274 4109 1308 4164 R.

199 4189 262 4253 Ald.
294 4194 448 4271 ἀπαγγείλῃ
465 4197 499 4251 V.
536 4197 682 4272 ἀπαγγέλη
701 4198 789 4253 Dfibn.
895 4199 989 4265 σεῖδη
1009 4197 1040 4252 δὲ
1058 4198 1104 4264 τῆς
1122 4195 1307 4269 παραβάσεως

200 4275 276 4332 ἁπλᾶ
293 4278 321 4349 γ’
340 4285 387 4334 καὶ
406 4282 485 4354 ,κατά
511 4288 609 4353 σχέσιν
626 4284 659 4340 V.
695 4281 863 4343 seribendum
888 4287 931 4340 est
958 4284 1019 4352 εἴδη
1049 4282 1082 4338 δὲ
1110 4287 1157 4351 τῆς
1179 4299 1209 4337 π.
1227 4279 1307 4348 ἑπτά,
