2864 4846
200 242 251 302 116

75 467 78 470 ,
198 427 268 472 cam
289 402 571 489 penthemimerem
595 402 729 486 excipiat
752 401 952 488 anapaestica
972 401 1116 486 tripudia.
1164 402 1309 468 similiter

198 515 410 596 ,,συνι”γπιαι“
441 527 552 575 versus
574 515 639 573 470
666 527 704 572 ex
734 507 889 592 dactylico
913 509 945 572 et
970 507 1170 590 anapaestico
1193 527 1307 593 genere

200 614 400 696 compositus.
445 613 478 676 in
508 606 733 697 ἀσυναριήσων
756 608 980 676 ἕπισυνθίπων
1007 614 1170 694 praeterea
1190 612 1309 678 haben·v

199 719 275 783 dum
301 719 350 782 est
378 717 412 781 in
436 715 704 799 001101000775
734 709 999 799 ἐγκωμιολογικόν
1029 711 1081 801 (αδ
1110 715 1309 802 διπενθιγμι-

198 817 323 908 μερίς),
363 819 401 884 01.
422 819 523 903 Heph.
554 821 621 902 cap.
642 819 701 885 XV
735 815 798 899 ,ἐκ
828 818 1018 882 δακτυλικοῦ
1049 821 1310 906 πενδνγμιμεροῦς

199 921 254 987 καὶ
278 919 427 1005 ίαμβικοῦ
448 929 504 988 τοῦ
526 917 599 986 ἴσου
607 928 632 1001 “,
664 925 696 988 01
716 942 825 990 versus
841 923 993 989 0010462
1016 941 1052 987 ex
1073 921 1257 1007 prosodiaco
1279 923 1310 986 et

198 1027 333 1093 iambica
347 1028 593 1111 penthemimere
609 1026 793 1093 subsistens.
828 1024 938 1092 deinde
960 1075 978 1105 ,‚
989 1023 1171 1112 συνημμένα
1180 1030 1197 1061 “
1220 1026 1308 1091 inve·

198 1132 328 1196 niuntur
355 1130 388 1195 10
417 1130 513 1195 schol
536 1149 605 1213 pau.
629 1136 692 1195 856
723 1127 780 1194 δύο
808 1125 934 1194 Ἰωνικὰ
964 1123 1171 1216 ἓφδγμιμερῆ
1209 1132 1241 1194 01
1276 1128 1309 1192 10

198 1221 464 1318 001101ρο0775
498 1229 573 1319 τρία
600 1232 796 1318 χοριαμβιιιὰ
824 1228 1046 1320 ἓφδημιγιερῆ,
1077 1233 1165 1298 00100
1186 1233 1309 1318 generis

199 1342 231 1403 et
252 1339 443 1422 Hephaestio
472 1339 505 1403 in
528 1337 587 1403 XV
608 1338 719 1422 capitis
752 1338 812 1404 fine
837 1338 914 1403 facit
943 1338 1134 1403 mentionem
1163 1334 1244 1415 ,καί
1270 1333 1307 1399 τὸ

200 1439 236 1506 ἐκ
263 1445 481 1527 χοριαγιβικῶν
518 1435 753 1528 ἓφθνγμιμερῶν
785 1434 1069 1528 (ἅσονοίρνηιον).“
1114 1461 1215 1524 neque
1247 1439 1309 1505 alia

199 1549 247 1614 ris
269 1548 361 1629 atque
384 1546 479 1611 verbo
513 1543 685 1609 συνάπτειν
714 1544 854 1612 subiecta
877 1545 980 1611 estin
1002 1546 1160 1611 veteribus
1183 1543 1309 1610 scholiis
1332 1582 1334 1587 ·

199 1651 269 1717 voci
299 1700 316 1729 ‚,
326 1644 472 1733 συζυγίαν
494 1652 632 1713 ποιεῖν(
659 1649 692 1713 11
716 1652 764 1715 001
787 1649 1039 1733 coniugationem
1069 1648 1201 1714 duorum
1224 1647 1309 1713 colo-

198 1775 269 1821 rum
288 1755 321 1819 in
340 1774 438 1819 unum
460 1773 602 1832 versum,
626 1753 664 1818 cf.
682 1755 779 1820 schol.
795 1755 869 1820 nub.
884 1760 965 1832 457,
979 1738 1044 1819 Ι0101
1065 1753 1191 1820 restitui
1212 1743 1257 1817 ὧν
1272 1748 1309 1817 νδ

201 1865 333 1943 πρῶτον
348 1855 559 1942 χοριαμβικδν
579 1854 664 1944 (καί)
686 1854 724 1924 τὸ
745 1850 782 1941 ,δ’
801 1854 1024 1942 προσοδιακὸν
1046 1897 1088 1906 -
1109 1859 1200 1922 ποιεῖ
1222 1855 1309 1936 συζ-

198 1956 278 2046 γίαν.
324 1960 469 2028 similiter
491 1961 524 2025 in
547 1961 645 2027 schol.
665 1961 827 2026 Αο1.284
857 1961 1025 2046 legendum
1055 1964 1104 2027 est
1125 1958 1242 2042 δίχμια
1260 1957 1307 2044 β’,

200 2059 221 2128 dl
245 2067 336 2130 ποιεῖ
359 2059 504 2148 συζυγίαν
533 2062 588 2128 κατ’
615 2069 672 2150 τῆς
693 2064 847 2150 δευτέραςΙ
864 2061 1009 2142 παίωνες
1040 2068 1125 2150 τρεῖς
1147 2061 1216 2148 (καί
1241 2057 1309 2146 δίο)

200 2167 284 2233 κατὰ
305 2164 476 2253 διαίρεσιν,
498 2169 581 2234 unde
602 2172 733 2254 apparet
754 2170 832 2234 haec
854 2168 914 2235 duo
940 2169 1009 2234 cola
1029 2169 1178 2254 paeonica
1193 2187 1255 2232 non
1276 2167 1309 2231 in

165 2348 167 2352 ⁸
198 2274 432 2356 pentametrum
461 2291 529 2338 0000
557 2273 773 2358 coniungenda
802 2273 856 2338 sed
886 2275 920 2338 in
947 2293 1044 2339 unum
1070 2290 1308 2338 0000010000]-

199 2380 353 2461 prehensa
372 2377 486 2464 tuisse.
531 2397 685 2461 nusquam
714 2380 820 2443 autom
849 2373 1035 2461 ,,συζυγία“
1063 2398 1123 2443 vox
1149 2378 1195 2442 ita
1216 2376 1308 2441 usur-

200 2484 310 2564 patur,
330 2481 367 2545 ut
385 2480 469 2545 idem
491 2481 596 2548 raleat
618 2481 699 2565 quod
723 2477 861 2546 διποδία
882 2482 936 2547 001
955 2473 1061 2565 βάσις.

288 2585 531 2669 Progrediamur
552 2586 677 2652 iamed
697 2587 829 2660 alteram
846 2584 1065 2669 disputationis
1079 2587 1214 2670 partem,
1238 2604 1308 2667 qua,

202 2689 271 2772 quis
302 2688 397 2754 fuerit
419 2689 472 2754 ille
496 2691 641 2756 veterum
663 2690 853 2756 scholiorum
886 2691 994 2754 auctor
1020 2676 1158 2755 breviter
1180 2688 1308 2753 demon-

166 2878 169 2887 ,
202 2793 380 2858 strabimus.
904 2844 906 2849 .

158 2896 173 2988 1
289 2897 411 2963 Nomen
450 2899 557 2962 autern
600 2896 627 2962 si
667 2895 845 2979 quaerimus
885 2896 968 2976 0100,
1013 2896 1073 2962 duo
1102 2895 1309 2975 ‚conferamus

202 2998 336 3078 scholia,
368 3019 498 3083 quorum
529 3001 664 3065 alterum
688 3002 791 3065 exstat
816 2999 849 3064 in
871 2999 933 3064 fine
955 2999 1146 3065 scholiorum
1166 3018 1235 3083 pac.
1257 2992 1309 3084 ὑφ’

203 3092 397 3189 δίκορωνίς,
435 3099 515 3189 ὑμὴν
536 3094 654 3185 ὗμέναί
678 3094 720 3179 ιδ,
749 3099 850 3179 οὕτως
868 3097 1086 3188 Ἡλιόδωρος,
1101 3159 1104 3167 ,
1121 3101 1256 3167 alterum
1277 3102 1310 3164 in

202 3205 299 3270 schol.
322 3223 406 3289 vesp.
425 3213 518 3285 1277,
547 3204 644 3270 Μετὰ
675 3209 772 3270 τοῦτο
801 3203 975 3296 διάλειμμα
1001 3201 1116 3286 στίχων
1137 3244 1178 3252 -
1196 3197 1311 3269 Ἥλιό-

203 3306 321 3392 διυρος,
352 3327 429 3392 quae
457 3310 553 3375 rerba
577 3309 629 3388 (of.
653 3309 784 3391 κωλομ.)
807 3310 904 3392 ipsius
928 3309 1089 3375 Heliodori
1119 3327 1187 3374 esso
1209 3308 1311 3373 mani·

203 3411 320 3476 festum
342 3413 399 3477 001.
441 3412 474 3477 11
497 3412 579 3496 quod
602 3414 731 3497 apparet
753 3412 803 3477 his
823 3412 943 3478 duobus
962 3414 1041 3497 (pac.
1058 3414 1090 3477 01
1104 3413 1204 3495 vesp.)
1219 3412 1310 3477 scho·
1337 3436 1339 3439 ·

202 3515 272 3593 liis,
310 3535 372 3580 non
406 3516 510 3599 ipsum
546 3514 752 3580 Heliodorum
782 3517 816 3580 in
845 3518 947 3581 metra
975 3515 1205 3600 Aristophaneo
1233 3534 1311 3597 quas

205 3621 389 3703 conscripsit
411 3620 629 3685 annotationes
657 3619 691 3682 in
713 3619 832 3684 scholia
860 3619 1075 3696 transtulisse,
1108 3619 1311 3685 confirmatur

205 3721 325 3786 duabus
349 3722 646 3805 subscriptionibus,
676 3741 807 3806 quarum
830 3723 931 3789 altera
951 3724 1053 3788 exstat
1080 3723 1114 3786 in
1135 3722 1196 3787 fine
1219 3724 1311 3788 scho-

203 3824 319 3891 liorum
341 3845 408 3908 pac.
429 3825 586 3910 adscripta
604 3825 635 3889 in
653 3824 707 3904 V.‚
745 3819 939 3890 κεκώλισιαι
970 3823 1055 3910 πρὸς
1082 3824 1123 3887 τὰ
1148 3820 1311 3890 Ἡλιοδώ-

204 3951 276 4012 ροο,
299 3925 572 4015 παραγέγραπται
594 3925 630 3992 ἐκ
649 3924 788 3993 Φαείνου
810 3927 865 3993 καί
879 3922 1067 4012 Συμμάχοο,
1091 3929 1192 3994 altera
1211 3929 1311 3994 simil·

202 4029 279 4095 lima
320 4032 354 4094 in
392 4030 453 4096 fine
495 4032 641 4110 nubium,
682 4026 884 4096 κεκόλλισται
931 4027 966 4097 ἐκ
1002 4037 1067 4094 τῶν
1102 4026 1310 4117 Ἡλιοδώρου,

204 4131 475 4217 παραγέγραπται
507 4132 543 4199 ἐκ
575 4137 638 4198 τῶν
672 4130 810 4198 Φαείνου
837 4131 891 4199 καί
920 4132 1090 4217 Σογιγιάχου
1123 4131 1177 4197 καί
1205 4128 1311 4207 ἄλλων

201 4240 305 4302 πινῶν.
350 4256 421 4304 cum
450 4239 483 4303 in
505 4238 561 4304 illa
582 4240 667 4305 recte
696 4239 821 4323 legatur
846 4232 1048 4316 acediemur,
1085 4238 1144 4302 hac
1170 4238 1203 4301 in
1236 4239 1311 4304 sub·
1349 4274 1351 4278 »
