2864 4846
181 235 215 288 70
603 230 710 286 Scholia
729 232 758 286 in
777 247 866 286 ranas.

179 389 236 474 μέν
257 388 291 455 έν
314 381 392 478 ἆρχῆ
420 394 477 454 τοῦ
504 385 622 472 κώλου,
662 385 681 476 ῆ
711 387 746 456 δέ
774 387 858 455 κατὰ
887 391 925 454 τὸ
955 389 1066 471 τέλος,
1104 380 1289 476 ἀμφότεραι

181 491 242 575 ἔξω
264 497 467 590 νενευκυῖαιῆ

269 606 486 664 992-1076.
530 595 606 664 τάδε
627 596 686 682 μέν
710 593 832 676 λευσεις
854 590 1007 687 φαίδιμ’;
1039 595 1210 684 ῆΚορωνὶς
1233 596 1291 663 καὶ

179 697 329 780 εἴσδεσις
348 708 461 789 χοροῦ,
499 701 647 790 έπῳδικῆ
670 702 730 787 μέν
753 702 864 769 διὰτὸ
888 701 970 786 μετὰ
999 700 1056 792 τὴν
1075 703 1193 790 διπλῆν
1222 706 1292 767 κεῖ-

180 813 280 890 σθαι,
305 807 473 895 προιμδικῆ
494 805 530 872 δὲ
556 805 611 872 διὰ
640 805 677 873 τὸ
700 804 928 894 προτίθεσθαι
952 803 1064 891 ἑτέρας
1086 807 1220 892 διπλῆς,
1252 802 1289 871 έκ

180 909 290 976 κώλων
312 910 366 994 ιγ’.
387 903 429 975 ὧν
449 910 488 977 τὸ
510 909 545 976 α’
563 902 802 977 οἷναπυιιστικὸν
824 908 974 998 δίμετρον
996 906 1226 997 ἀκατάληπτον.
1250 908 1288 975 τδ
1337 930 1348 935 ’·

179 1013 217 1099 β’
249 1011 399 1098 ἰαμβικὸν
424 1012 592 1102 τρίμετρον
623 1010 848 1104 ἀκατάληπτον.
882 1013 923 1079 τὰ
946 1013 989 1100 γ’,
1011 1012 1044 1094 ς’
1067 1013 1113 1100 55'
1134 1012 1288 1100 τροχαῖκά

179 1114 393 1207 ἓφδῆμιμερῆ.
438 1117 478 1182 τὰ
511 1118 547 1184 δέ
572 1118 674 1183 λοιπὰ
696 1111 901 1207 ἀκατάληπτα
929 1117 984 1185 καί
1013 1115 1162 1206 δίμετρα,
1203 1116 1290 1206 πλὴν

179 1225 236 1288 τοῦ
263 1221 459 1309 μσνομέτρου
497 1218 742 1310 παρατελείτου.
788 1223 821 1288 ἐν
856 1218 990 1289 ἐκθέσει
1025 1221 1060 1286 δέ
1097 1219 1202 1302 στίχοι
1232 1218 1290 1286 δύο

179 1321 411 1402 δναπαιστικοί
441 1325 649 1413 τετράμετροι
682 1324 926 1415 καταλιμτικοί,
970 1323 1079 1410 ὅμοιοι
1111 1330 1182 1403 τοῖς
1218 1321 1304 1412 ἑξῆςι

180 1431 297 1518 διπλῆς
305 1427 482 1514 ἄμοιβαίας
492 1428 671 1509 είσδέσεως
683 1427 901 1520 ἑβδομήκοντα
913 1426 1037 1511 κώλοις,
1051 1422 1094 1494 ὧν
1109 1430 1291 1495 τελευταῖον

320 1555 366 1604 καὶ
384 1557 532 1622 μινθῶσαι
550 1552 601 1605 τὸν
619 1550 750 1614 ξύσσιτον
768 1551 871 1621 κιῖκβιίς
887 1572 949 1605 τινα
966 1553 1171 1618 λωποδυτῆσαι.

182 1650 239 1720 ἐπὶ
262 1661 308 1742 τῷ
338 1652 424 1720 τέλει
446 1660 503 1741 τῆς
524 1653 583 1738 μέν
606 1657 793 1743 προιμδικῆς
811 1650 957 1743 κορωνίς·
989 1658 1054 1718 τῶν
1077 1651 1113 1719 δέ
1135 1649 1289 1741 τετραμέ-

180 1783 265 1846 τρων
285 1759 386 1847 διπλῆ
408 1754 470 1838 ἔξω
493 1762 683 1845 νενευκυῖαῆ]

270 1870 508 1929 1077-1098,
556 1864 625 1947 [[νῦν
647 1855 680 1929 δ’
704 1860 860 1947 ἀντιλέγει
877 1892 884 1927 :
912 1858 1087 1938 1’Έκδεσις
1101 1866 1157 1949 τῆς
1172 1861 1290 1949 διπλῆς

180 1962 227 2043 είς
249 1959 305 2031 δύο
332 1961 505 2050 περιόδους
538 1965 725 2054 2διῃρημένη
755 1965 791 2032 έκ
816 1960 925 2032 κοίλων
948 1963 1070 2050 ὁμοίων
1091 1966 1289 2031 ἀναπαιστι-

180 2072 242 2133 κιῦν
263 2062 325 2153 κγ’.
367 2061 410 2133 ὧν
437 2068 478 2133 τὰ
501 2069 559 2152 μέν
583 2075 697 2158 πρῶτα
718 2068 774 2136 δύο
797 2072 885 2135 κῶλα
908 2067 1041 2156 δι’μετρα
1062 2067 1138 2137 ὄντα
1165 2062 1290 2136 οἷκατσί-

181 2175 283 2262 λῆκτα
305 2175 365 2260 3τῆ
389 2173 489 2261 διπλῆ
513 2168 717 2239 συνάπτεται.
757 2179 814 2262 τῆς
843 2172 879 2239 δέ
903 2168 1033 2260 πρώτης
1053 2170 1204 2261 περιόδου
1225 2172 1290 2240 εἶσί

181 2278 268 2342 κῶλα
297 2271 345 2341 ια’
373 2269 591 2365 ἅπαταίλῆκτα,
627 2275 711 2365 πλὴν
741 2283 798 2343 τοῦ
826 2275 1008 2343 τελευταίου
1038 2273 1290 2366 ἓφδῆμιμεροῦς.

180 2377 303 2462 ὁμοίιος
325 2378 361 2446 δέ
383 2380 497 2446 καὶτὰ
520 2385 577 2469 τῆς
600 2380 749 2506 δευτέρας
770 2379 842 2463 έῆει.
867 2381 904 2446 τδ
921 2379 1033 2465 μέντοι
1053 2381 1290 2469 παρατέλευτον

181 2475 404 2605 ἆναπαιστικῆ
423 2483 492 2549 ἐστι
515 2484 622 2569 βάσις.
660 2484 717 2551 έπί
741 2491 788 2573 τῷ
809 2486 894 2551 τέλει
916 2491 1005 2574 τῆςι
993 2510 1051 2570 μεν
1074 2483 1205 2574 πρώτης
1228 2512 1290 2552 πε-

181 2582 289 2708 ριόδου
313 2583 546 2674 παράγραφος,
583 2593 639 2676 τῆς
662 2589 698 2655 δέ
722 2549 872 2676 δείτέρας
892 2588 948 2655 δίο
971 2587 1156 2678 διπλαῐ,ῆ
1177 2588 1291 2706 μὲνέν

181 2683 261 2779 ἆρχῆ
284 2695 341 2756 τοῦ
364 2689 521 2769 κοίλου,
504 2717 524 2780 5
547 2691 583 2757 δέ
605 2691 687 2758 κατὰ
709 2692 746 2760 τὸ
768 2692 888 2780 τέλοςῆ]

271 2804 406 2862 1099-
415 2804 508 2861 1118.
556 2794 662 2882 ῆμέγα
684 2799 721 2864 τδ
749 2821 849 2884 πραγ
838 2822 908 2881 ια
927 2794 980 2862 H
997 2803 1150 2885 παροῦσα
1166 2797 1288 2886 στρσφῆ

180 2898 237 2964 καὶ
268 2890 466 3026 ἆντιστροςρῆ
497 2894 609 2964 κοίλων
643 2899 729 2967 ἐστίν
757 2897 893 2990 ἑκατέρα
921 2901 997 2967 δέκα
1030 2898 1289 2985 ἐπιμεμιγμένων

180 3000 399 3089 τριβρσίχεσιν·
422 3028 463 3067 ων
485 3027 526 3068 τα
550 2999 596 3085 α’,
620 2999 662 3086 δ’,
687 3000 781 3085 ς’,ί
805 3003 959 3092 τροχαϊκὰ
982 2999 1178 3092 τετράμετρα
1194 3028 1290 3070 κατα-

181 3103 329 3192 ληκτικιέ·
351 3104 393 3170 τδι
418 3104 454 3171 δέ
478 3107 579 3172 λοιπὰ
601 3104 646 3192 δίς
635 3133 737 3195 μετρα
760 3105 972 3195 ακατάλῆιτα.
993 3132 1031 3172 το
1019 3102 1212 3203 μέντοιζ
1234 3113 1291 3195 τῆς

182 3213 325 3296 στροφῆς
354 3200 592 3276 αναπαιστικὸν
615 3218 776 3300 πενδῆςι
740 3238 761 3277 ιι
726 3211 872 3299 ςμερές,
909 3211 964 3276 καί
986 3209 1024 3277 τὸ
1047 3207 1119 3300 έξῆς
1141 3207 1186 3294 δίι
1174 3234 1290 3297 μετρον

180 3309 526 3400 βραχυκατσίλῆκτον
511 3339 569 3380 επι
582 3321 629 3402 τῷ
651 3316 735 3382 τέλει
757 3324 839 3404 τῆςι
827 3315 886 3401 μέν
902 3320 1044 3404 στροφῆς
1062 3337 1290 3403 παραγραφος

181 3423 238 3505 τῆς
260 3416 296 3483 δὲ
318 3409 533 3505 σίντιστροφῆς
555 3378 716 3506 κοριωνίςῆ]

270 3511 509 3588 1119—12502
557 3522 637 3609 [[καί
665 3523 726 3612 μὴν
762 3519 812 3588 ἐπ’
836 3515 981 3602 αὗτοίςι
1015 3521 1163 3609 Κορωνὶς
1195 3519 1289 3610 ἑτέρα

180 3619 345 3690 εἰσιόντων
372 3630 436 3690 τῶν
463 3622 655 3714 ὑποκριτῶν,
701 3624 731 3693 οἱ
755 3627 791 3694 δέ
814 3626 918 3710 στίχοι
942 3625 1091 3712 ἰαμβικοί
1123 3625 1289 3715 τρίμετροι
1348 3619 1352 3623 ’

180 3720 395 3817 ἅκατάληκτοι
415 3724 498 3816 ρλβ’.
532 3723 575 3796 ὧν
599 3734 780 3811 τελευταῖος

267 3912 281 3964 1
301 3915 423 3971 εἴσοεσις
514 3912 531 3964 2
551 3913 720 3985 διῃρημένης
739 3913 811 3978 cod.;
835 3915 922 3980 διπλῆ
947 3915 988 3966 esi
1004 3915 1062 3967 tota
1080 3913 1205 3982 periodus
1226 3913 1289 3966 inde

179 4013 195 4051 a
220 4013 298 4051 versu
324 3997 523 4065 1005-1098,
560 4002 701 4067 propterea
734 3989 884 4073 διῃρημένη
919 4000 1087 4054 referendum
1116 4000 1151 4054 ad
1179 4001 1289 4057 ἔκθεσις

176 4082 224 4152 {ci
191 4084 309 4152 c.97l)
397 4086 463 4157 355
483 4087 566 4158 διπλῆ
589 4084 765 4140 σινιίπτεται.
786 4089 870 4152 διπλῆ
888 4103 942 4139 non
957 4089 1037 4140 esi
1016 4105 1124 4156 signum
1144 4086 1288 4154 sedperio·

179 4168 241 4232 dus,
261 4187 328 4239 quae
346 4171 481 4225 antecedit
498 4170 560 4224 inde
576 4187 592 4225 a
609 4188 687 4226 versu
701 4173 894 4229 1006-1075
922 4173 1022 4232 rectius
1042 4175 1195 4244 scripsisset
1213 4172 1289 4228 scho-

177 4255 303 4310 liasta?
279 4275 289 4310 ε
293 4261 399 4310 imon
420 4262 467 4323 τῆς
486 4258 593 4323 διπλῆς.
