2864 4846
502 1002 872 1088 runnrnuro.

219 1414 299 1481 Cum
328 1415 466 1499 primum
493 1413 658 1481 Heliodori
682 1415 808 1481 metrici
837 1433 951 1481 nomen
983 1414 1059 1480 olim
1087 1415 1245 1480 vetustate
1293 1462 1297 1467 ·

132 1535 279 1602 obrutum
307 1556 414 1602 rursus
444 1536 478 1601 in
506 1537 612 1602 lucem
641 1534 773 1621 prodiit,
808 1516 881 1601 mox
910 1535 969 1602 viri
997 1535 1125 1614 summi,
1154 1553 1244 1619 prae·
1353 1614 1357 1619 Α

132 1657 223 1742 cipue
259 1678 320 1741 qua
358 1659 461 1724 aetate
491 1656 641 1723 metricus
670 1657 726 1723 ille
761 1657 872 1733 fuerit,
908 1656 1025 1721 iterum
1056 1676 1092 1722 ac
1121 1656 1244 1741 saepius

133 1779 308 1845 examinare
341 1779 489 1862 tanquam
520 1779 749 1844 concertarunt.
799 1776 853 1844 sed
882 1795 942 1860 quo
972 1777 1075 1842 acrius
1102 1777 1244 1860 quaestio

132 1900 211 1966 haec
235 1898 428 1982 perdifficilis
457 1899 490 1963 in
520 1897 780 1983 disceptationem
799 1898 985 1976 vocabatur,
1024 1916 1059 1964 eo
1083 1899 1187 1982 magis
1209 1901 1245 1964 ut

52 1995 55 1999 ’
131 2019 169 2084 fit
199 2019 264 2084 fere
302 2019 393 2085 obliti
421 2017 608 2085 videbantur
638 2020 698 2086 viri
726 2019 828 2097 docti,
867 2019 952 2084 haud
987 2037 1103 2101 paucas
1132 2018 1245 2083 nobilis

130 2139 217 2206 illius
248 2140 421 2225 artigraphi
450 2141 599 2224 reliquias
632 2140 691 2207 etsi
729 2141 821 2206 valde
856 2140 1036 2206 obscuratas
1074 2158 1245 2224 superesse:

130 2262 251 2327 utiam
275 2261 312 2326 de
336 2262 439 2327 aetate
460 2253 625 2327 Heliodori
645 2264 809 2346 peractum
840 2262 939 2340 esset,
974 2281 1046 2326 cum
1068 2249 1246 2346 fragmenta

129 2384 199 2467 ipsa
233 2382 335 2449 adhuc
370 2383 404 2447 in
441 2385 586 2468 squalore
620 2384 770 2449 iacerent.
825 2385 918 2468 atque
955 2376 1174 2468 κωλομετρίαν
1208 2381 1245 2447 ut

130 2523 241 2589 graece
291 2503 394 2570 dicam
435 2500 699 2591 Ἀριστοφάνειον
750 2525 786 2570 ex
830 2503 957 2570 scholiis
1006 2503 1244 2587 Aristophaneis

129 2646 280 2712 magnam
309 2626 424 2692 saltem
453 2627 578 2709 partem
604 2627 638 2691 in
665 2625 834 2711 pristinum
862 2625 988 2691 restitui
1017 2643 1126 2708 posse,
1158 2625 1245 2708 post-

133 2768 226 2833 quam
247 2748 385 2833 primus,
416 2748 518 2831 quoad
549 2748 627 2827 scio,
664 2749 837 2834 auguratus
861 2748 909 2812 est
930 2747 1115 2830 Rudolphus
1136 2745 1245 2811 West·
1327 2820 1334 2833 .
1424 2742 1429 2754 ·

131 2869 222 2954 phul,
265 2867 431 2934 considium
474 2868 551 2934 mihi
597 2869 765 2935 subnatum
803 2869 869 2947 est,
910 2869 947 2932 ut
990 2867 1115 2960 metrici
1156 2866 1246 2932 illius

131 2991 309 3074 fragmenta
340 2991 489 3076 emutare
512 3008 648 3056 conarer.
692 2990 725 3056 in
753 2988 972 3055 dissertatione
1004 2990 1110 3054 autem
1138 2988 1245 3054 elabo—
1290 3055 1292 3058 ,

131 3110 288 3193 randa*)‚
333 3128 393 3195 qua
425 3109 561 3193 primum
598 3104 814 3197 κωλομετρίας
857 3129 935 3193 quae
973 3108 1089 3203 dicitur
1122 3110 1246 3174 textum

132 3231 296 3310 constitui,
318 3230 449 3297 maximi
469 3231 547 3296 mihi
569 3231 720 3299 momenti
739 3233 807 3297 erat
829 3230 985 3298 Theodori
1004 3230 1132 3316 Bergkii
1153 3250 1244 3315 prae·

133 3353 270 3436 ceptoris
292 3352 513 3419 benevolentia
536 3372 572 3418 ac
594 3353 777 3432 consilium,
808 3354 862 3437 qui
884 3353 920 3418 in
942 3372 976 3418 re
1003 3352 1136 3418 metrica
1157 3351 1246 3435 quasi

130 3475 164 3539 in
198 3492 254 3538 sua
289 3474 452 3557 provincia
488 3477 631 3541 versatus
664 3475 748 3541 haud
780 3475 981 3541 mediocriter
1010 3475 1043 3540 et
1068 3472 1183 3538 iudicio
1213 3475 1246 3538 et

134 3595 277 3670 doctrina
307 3594 456 3660 adiuvare
483 3615 533 3661 me
562 3596 671 3663 uoluit.
723 3616 781 3662 nec
810 3615 873 3662 non
899 3597 991 3680 grato
1021 3593 1125 3659 animo
1152 3593 1246 3660 horas

132 3714 205 3781 illas
236 3715 270 3780 in
299 3715 485 3782 memoriam
508 3735 639 3797 revoco,
677 3718 732 3783 ubi
763 3737 835 3784 cum
862 3717 1021 3783 Guilelmo
1049 3714 1247 3782 Studemund

133 3837 332 3919 quaestiones
354 3834 502 3904 metricas
522 3840 606 3905 haud
628 3839 695 3907 sine
717 3840 822 3907 fructu
842 3859 912 3906 meo
935 3839 1126 3926 perpendere
1146 3838 1237 3904 licurt

219 4081 246 4150 *)
271 4080 304 4134 In
335 4081 422 4136 lucem
447 4081 533 4136 missa
562 4083 605 4137 est
627 4079 795 4156 Ηλιοδώρου
818 4083 988 4162 κωλομετςία
1017 4077 1246 4154 Ἀριστοφάνειος

131 4165 211 4225 Heus
226 4183 250 4226 o.
267 4167 512 4226 Muooouxvm.
