<?xml version="1.0" encoding="UTF-8"?>
<!DOCTYPE html PUBLIC "-//W3C//DTD XHTML 1.0 Transitional//EN"
    "http://www.w3.org/TR/xhtml1/DTD/xhtml1-transitional.dtd">
<html xmlns="http://www.w3.org/1999/xhtml" xml:lang="en" lang="en">
 <head>
  <title>
</title>
<meta http-equiv="Content-Type" content="text/html;charset=utf-8" />
  <meta name='ocr-system' content='tesseract 3.04.00' />
  <meta name='ocr-capabilities' content='ocr_page ocr_carea ocr_par ocr_line ocrx_word'/>
</head>
<body>
  <div class='ocr_page' id='page_1' title='image "./heliodoricolome00theigoog_0052.png"; bbox 0 0 2864 4846; ppageno 0'>
   <div class='ocr_carea' id='block_1_1' title="bbox 578 274 1276 332">
    <p class='ocr_par' dir='ltr' id='par_1_1' title="bbox 578 274 1276 332">
     <span class='ocr_line' id='line_1_1' title="bbox 578 274 1276 332; baseline 0.001 -1"><span class='ocrx_word' id='word_1_1' title='bbox 578 275 686 331; x_wconf 78' lang='lat' dir='ltr'>Soholia</span> <span class='ocrx_word' id='word_1_2' title='bbox 710 276 740 330; x_wconf 89' lang='lat' dir='ltr'><em>in</em></span> <span class='ocrx_word' id='word_1_3' title='bbox 757 274 850 330; x_wconf 82' lang='lat' dir='ltr'><strong>nubes.</strong></span> <span class='ocrx_word' id='word_1_4' title='bbox 1242 278 1276 332; x_wconf 83' lang='lat'><em>39</em></span> 
     </span>
    </p>
   </div>
   <div class='ocr_carea' id='block_1_2' title="bbox 154 423 1275 1701">
    <p class='ocr_par' dir='ltr' id='par_1_2' title="bbox 161 423 1275 941">
     <span class='ocr_line' id='line_1_2' title="bbox 162 423 1275 521; baseline -0.004 -17"><span class='ocrx_word' id='word_1_5' title='bbox 162 432 219 504; x_wconf 80' lang='grc' dir='ltr'><em>καὶ</em></span> <span class='ocrx_word' id='word_1_6' title='bbox 240 434 279 502; x_wconf 87' lang='grc' dir='ltr'><em>τὺ</em></span> <span class='ocrx_word' id='word_1_7' title='bbox 302 430 580 520; x_wconf 85' lang='grc' dir='ltr'><em>προοιμιάζεσθαι</em></span> <span class='ocrx_word' id='word_1_8' title='bbox 601 432 638 500; x_wconf 81' lang='grc' dir='ltr'><em>δὲ</em></span> <span class='ocrx_word' id='word_1_9' title='bbox 658 423 923 521; x_wconf 84' lang='grc' dir='ltr'><em>ἀμφιανακτὺζειν</em></span> <span class='ocrx_word' id='word_1_10' title='bbox 945 427 1059 518; x_wconf 72' lang='grc' dir='ltr'><em>ἔλεγον.</em></span> <span class='ocrx_word' id='word_1_11' title='bbox 1085 426 1216 512; x_wconf 79' lang='grc' dir='ltr'><strong><em>εἰκότως</em></strong></span> <span class='ocrx_word' id='word_1_12' title='bbox 1238 430 1275 500; x_wconf 80' lang='grc' dir='ltr'><em>δὲ</em></span> 
     </span>
     <span class='ocr_line' id='line_1_3' title="bbox 162 530 1274 624; baseline -0.001 -19"><span class='ocrx_word' id='word_1_13' title='bbox 162 537 244 624; x_wconf 84' lang='grc' dir='ltr'><em>μετὰ</em></span> <span class='ocrx_word' id='word_1_14' title='bbox 270 536 326 605; x_wconf 86' lang='grc' dir='ltr'><em>τὸν</em></span> <span class='ocrx_word' id='word_1_15' title='bbox 340 534 457 603; x_wconf 90' lang='grc' dir='ltr'><em>Ἥλιον</em></span> <span class='ocrx_word' id='word_1_16' title='bbox 485 533 659 622; x_wconf 84' lang='grc' dir='ltr'><em>άνυμνοὺσι</em></span> <span class='ocrx_word' id='word_1_17' title='bbox 691 536 747 603; x_wconf 87' lang='grc' dir='ltr'><em>τὸν</em></span> <span class='ocrx_word' id='word_1_18' title='bbox 765 530 968 603; x_wconf 81' lang='grc' dir='ltr'><em>Ἀπόλλωνα.</em></span> <span class='ocrx_word' id='word_1_19' title='bbox 1006 531 1059 604; x_wconf 82' lang='grc' dir='ltr'><em>ὅτι</em></span> <span class='ocrx_word' id='word_1_20' title='bbox 1079 535 1117 602; x_wconf 81' lang='grc' dir='ltr'><em>δὲ</em></span> <span class='ocrx_word' id='word_1_21' title='bbox 1139 533 1157 604; x_wconf 85' lang='grc' dir='ltr'>ὁ</span> <span class='ocrx_word' id='word_1_22' title='bbox 1177 530 1274 615; x_wconf 86' lang='grc' dir='ltr'><em>αὑτός</em></span> 
     </span>
     <span class='ocr_line' id='line_1_4' title="bbox 163 634 1274 730; baseline -0.002 -20"><span class='ocrx_word' id='word_1_23' title='bbox 163 641 250 710; x_wconf 76' lang='grc' dir='ltr'><em>ἔστιν</em></span> <span class='ocrx_word' id='word_1_24' title='bbox 264 639 388 722; x_wconf 88' lang='grc' dir='ltr'><em>Ἥλιος</em></span> <span class='ocrx_word' id='word_1_25' title='bbox 411 641 466 708; x_wconf 85' lang='grc' dir='ltr'><em>καὶ</em></span> <span class='ocrx_word' id='word_1_26' title='bbox 493 641 680 726; x_wconf 76' lang='grc' dir='ltr'><em>Ἀπόλλων,</em></span> <span class='ocrx_word' id='word_1_27' title='bbox 717 642 822 730; x_wconf 80' lang='grc' dir='ltr'><em>δῆλον.</em></span> <span class='ocrx_word' id='word_1_28' title='bbox 860 640 898 707; x_wconf 86' lang='grc' dir='ltr'><em>τὸ</em></span> <span class='ocrx_word' id='word_1_29' title='bbox 927 641 964 707; x_wconf 80' lang='grc' dir='ltr'><em>δὲ</em></span> <span class='ocrx_word' id='word_1_30' title='bbox 993 634 1084 722; x_wconf 87' lang='grc' dir='ltr'><em>αὑτε,</em></span> <span class='ocrx_word' id='word_1_31' title='bbox 1122 635 1196 708; x_wconf 83' lang='grc' dir='ltr'><em>άντὶ</em></span> <span class='ocrx_word' id='word_1_32' title='bbox 1217 645 1274 708; x_wconf 86' lang='grc' dir='ltr'><em>τοὺ</em></span> 
     </span>
     <span class='ocr_line' id='line_1_5' title="bbox 161 739 1274 835; baseline -0.003 -21"><span class='ocrx_word' id='word_1_33' title='bbox 161 743 269 814; x_wconf 87' lang='grc' dir='ltr'><em>πάλιν.</em></span> <span class='ocrx_word' id='word_1_34' title='bbox 306 745 418 835; x_wconf 80' lang='grc' dir='ltr'><em>ὥσπερ</em></span> <span class='ocrx_word' id='word_1_35' title='bbox 448 746 509 834; x_wconf 87' lang='grc' dir='ltr'><em>γάρ</em></span> <span class='ocrx_word' id='word_1_36' title='bbox 529 739 766 832; x_wconf 75' lang='grc' dir='ltr'><em>ἀναλαμβάνων</em></span> <span class='ocrx_word' id='word_1_37' title='bbox 787 745 873 834; x_wconf 83' lang='grc' dir='ltr'><em>πρὸς</em></span> <span class='ocrx_word' id='word_1_38' title='bbox 900 745 938 813; x_wconf 85' lang='grc' dir='ltr'><em>τὸ</em></span> <span class='ocrx_word' id='word_1_39' title='bbox 961 742 1027 812; x_wconf 85' lang='grc' dir='ltr'><em>άνω</em></span> <span class='ocrx_word' id='word_1_40' title='bbox 1051 743 1137 833; x_wconf 86' lang='grc' dir='ltr'><em>λέγει</em></span> <span class='ocrx_word' id='word_1_41' title='bbox 1162 739 1274 812; x_wconf 85' lang='grc' dir='ltr'><em>1άντί-</em></span> 
     </span>
     <span class='ocr_line' id='line_1_6' title="bbox 161 854 334 941; baseline -0.006 -22"><span class='ocrx_word' id='word_1_42' title='bbox 161 854 334 941; x_wconf 69' lang='grc' dir='ltr'><em>προφανῆ</em></span> 
     </span>
    </p>

    <p class='ocr_par' dir='ltr' id='par_1_3' title="bbox 158 961 1274 1480">
     <span class='ocr_line' id='line_1_7' title="bbox 250 961 1274 1062; baseline -0.002 -22"><span class='ocrx_word' id='word_1_43' title='bbox 250 981 312 1040; x_wconf 83' lang='grc'><em>607</em></span> <span class='ocrx_word' id='word_1_44' title='bbox 320 981 436 1040; x_wconf 82' lang='grc'><em>·-.626.</em></span> <span class='ocrx_word' id='word_1_45' title='bbox 482 961 561 1062; x_wconf 63' lang='grc' dir='ltr'><em>ῆνὺγἸ</em></span> <span class='ocrx_word' id='word_1_46' title='bbox 579 969 700 1057; x_wconf 74' lang='grc' dir='ltr'><em>ῆμεῖςι</em></span> <span class='ocrx_word' id='word_1_47' title='bbox 732 970 777 1039; x_wconf 87' lang='grc' dir='ltr'><em>Τὸ</em></span> <span class='ocrx_word' id='word_1_48' title='bbox 799 964 1022 1060; x_wconf 83' lang='grc' dir='ltr'><em>άντεπίρρημα</em></span> <span class='ocrx_word' id='word_1_49' title='bbox 1045 975 1140 1038; x_wconf 79' lang='grc' dir='ltr'><em>τοῦτο</em></span> <span class='ocrx_word' id='word_1_50' title='bbox 1162 967 1274 1057; x_wconf 82' lang='grc' dir='ltr'><em>ὅμοιόν</em></span> 
     </span>
     <span class='ocr_line' id='line_1_8' title="bbox 160 1072 1273 1166; baseline -0.003 -21"><span class='ocrx_word' id='word_1_51' title='bbox 160 1077 232 1145; x_wconf 77' lang='grc' dir='ltr'><em>ἔστι</em></span> <span class='ocrx_word' id='word_1_52' title='bbox 252 1080 298 1166; x_wconf 75' lang='grc' dir='ltr'><em>τῷ</em></span> <span class='ocrx_word' id='word_1_53' title='bbox 319 1072 524 1166; x_wconf 76' lang='grc' dir='ltr'><em>ἐπιρρήματι.</em></span> <span class='ocrx_word' id='word_1_54' title='bbox 550 1076 623 1164; x_wconf 62' lang='grc' dir='ltr'><em>[καὶ</em></span> <span class='ocrx_word' id='word_1_55' title='bbox 646 1081 739 1144; x_wconf 78' lang='grc' dir='ltr'><em>τοῦτο</em></span> <span class='ocrx_word' id='word_1_56' title='bbox 760 1075 821 1166; x_wconf 86' lang='grc' dir='ltr'><em>γάρ</em></span> <span class='ocrx_word' id='word_1_57' title='bbox 852 1075 889 1143; x_wconf 75' lang='grc' dir='ltr'><em>ἐκ</em></span> <span class='ocrx_word' id='word_1_58' title='bbox 911 1073 1036 1159; x_wconf 78' lang='grc' dir='ltr'><em>στίχων</em></span> <span class='ocrx_word' id='word_1_59' title='bbox 1049 1075 1120 1143; x_wconf 76' lang='grc' dir='ltr'><em>ἐστὶ</em></span> <span class='ocrx_word' id='word_1_60' title='bbox 1143 1079 1273 1166; x_wconf 83' lang='grc' dir='ltr'><em>τροχαῖ-</em></span> 
     </span>
     <span class='ocr_line' id='line_1_9' title="bbox 158 1178 1272 1270; baseline -0.001 -21"><span class='ocrx_word' id='word_1_61' title='bbox 158 1188 225 1249; x_wconf 85' lang='grc' dir='ltr'><em>κῶν</em></span> <span class='ocrx_word' id='word_1_62' title='bbox 254 1180 473 1270; x_wconf 84' lang='grc' dir='ltr'><em>τετραμέτρων</em></span> <span class='ocrx_word' id='word_1_63' title='bbox 510 1184 754 1270; x_wconf 81' lang='grc' dir='ltr'><em>καταληκτικιὺν</em></span> <span class='ocrx_word' id='word_1_64' title='bbox 782 1178 897 1249; x_wconf 78' lang='grc' dir='ltr'><em>εἴκοσι.</em></span> <span class='ocrx_word' id='word_1_65' title='bbox 937 1179 1084 1248; x_wconf 77' lang='grc' dir='ltr'><em>ἐνταῦθα</em></span> <span class='ocrx_word' id='word_1_66' title='bbox 1110 1179 1223 1265; x_wconf 83' lang='grc' dir='ltr'><em>μέντοι</em></span> <span class='ocrx_word' id='word_1_67' title='bbox 1254 1178 1272 1248; x_wconf 76' lang='grc' dir='ltr'>ὅ</span> 
     </span>
     <span class='ocr_line' id='line_1_10' title="bbox 158 1281 1273 1377; baseline -0.001 -24"><span class='ocrx_word' id='word_1_68' title='bbox 158 1285 217 1353; x_wconf 75' lang='grc' dir='ltr'><em>ἐπὶ</em></span> <span class='ocrx_word' id='word_1_69' title='bbox 247 1293 305 1377; x_wconf 87' lang='grc' dir='ltr'><em>τῆς</em></span> <span class='ocrx_word' id='word_1_70' title='bbox 332 1284 486 1377; x_wconf 76' lang='grc' dir='ltr'><em>τετάρτης</em></span> <span class='ocrx_word' id='word_1_71' title='bbox 518 1282 625 1375; x_wconf 81' lang='grc' dir='ltr'><em>χώρας</em></span> <span class='ocrx_word' id='word_1_72' title='bbox 660 1281 781 1371; x_wconf 78' lang='grc' dir='ltr'><em>ἴαμβος</em></span> <span class='ocrx_word' id='word_1_73' title='bbox 816 1283 973 1368; x_wconf 76' lang='grc' dir='ltr'><em>ἐξέλιπεν.</em></span> <span class='ocrx_word' id='word_1_74' title='bbox 1016 1283 1075 1353; x_wconf 81' lang='grc' dir='ltr'><em>ἐπὶ</em></span> <span class='ocrx_word' id='word_1_75' title='bbox 1105 1293 1152 1374; x_wconf 75' lang='grc' dir='ltr'><em>τῷ</em></span> <span class='ocrx_word' id='word_1_76' title='bbox 1187 1284 1273 1353; x_wconf 81' lang='grc' dir='ltr'><em>τέλει</em></span> 
     </span>
     <span class='ocr_line' id='line_1_11' title="bbox 158 1389 975 1480; baseline -0.004 -22"><span class='ocrx_word' id='word_1_77' title='bbox 158 1391 260 1480; x_wconf 82' lang='grc' dir='ltr'><em>διπλῆ</em></span> <span class='ocrx_word' id='word_1_78' title='bbox 284 1389 346 1471; x_wconf 74' lang='grc' dir='ltr'><em>ἔξω</em></span> <span class='ocrx_word' id='word_1_79' title='bbox 367 1393 557 1478; x_wconf 67' lang='grc' dir='ltr'><em>νενευκυῖαῆ]</em></span> <span class='ocrx_word' id='word_1_80' title='bbox 971 1409 975 1417; x_wconf 91' lang='grc'><strong><em>·</em></strong></span> 
     </span>
    </p>

    <p class='ocr_par' dir='ltr' id='par_1_4' title="bbox 154 1501 1273 1701">
     <span class='ocr_line' id='line_1_12' title="bbox 246 1501 1272 1597; baseline 0 -23"><span class='ocrx_word' id='word_1_81' title='bbox 246 1517 308 1577; x_wconf 83' lang='grc'><em>627</em></span> <span class='ocrx_word' id='word_1_82' title='bbox 322 1549 357 1558; x_wconf 95' lang='grc'>-</span> <span class='ocrx_word' id='word_1_83' title='bbox 371 1517 443 1576; x_wconf 87' lang='grc'><strong>699.</strong></span> <span class='ocrx_word' id='word_1_84' title='bbox 495 1508 542 1592; x_wconf 86' lang='grc' dir='ltr'><em>μά</em></span> <span class='ocrx_word' id='word_1_85' title='bbox 568 1508 624 1597; x_wconf 86' lang='grc' dir='ltr'><em>τῆν</em></span> <span class='ocrx_word' id='word_1_86' title='bbox 651 1501 837 1597; x_wconf 74' lang='grc' dir='ltr'><em>άναπνοῆντ</em></span> <span class='ocrx_word' id='word_1_87' title='bbox 871 1505 1182 1597; x_wconf 68' lang='grc' dir='ltr'><em>ῆὙποχωρῆσαντος</em></span> <span class='ocrx_word' id='word_1_88' title='bbox 1212 1513 1272 1575; x_wconf 82' lang='grc' dir='ltr'><em>τοῦ</em></span> 
     </span>
     <span class='ocr_line' id='line_1_13' title="bbox 154 1604 1273 1701; baseline -0.002 -21"><span class='ocrx_word' id='word_1_89' title='bbox 154 1615 253 1700; x_wconf 81' lang='grc' dir='ltr'><em>χοροῦ</em></span> <span class='ocrx_word' id='word_1_90' title='bbox 285 1609 427 1680; x_wconf 84' lang='grc' dir='ltr'><em>εἰσίασιν</em></span> <span class='ocrx_word' id='word_1_91' title='bbox 455 1607 553 1692; x_wconf 80' lang='grc' dir='ltr'><em>αὖθις</em></span> <span class='ocrx_word' id='word_1_92' title='bbox 582 1608 614 1679; x_wconf 83' lang='grc' dir='ltr'><em>οὑ</em></span> <span class='ocrx_word' id='word_1_93' title='bbox 642 1608 826 1701; x_wconf 88' lang='grc' dir='ltr'><em>ὑποκριταί.</em></span> <span class='ocrx_word' id='word_1_94' title='bbox 869 1609 957 1679; x_wconf 71' lang='grc' dir='ltr'><em>ἔστιν</em></span> <span class='ocrx_word' id='word_1_95' title='bbox 986 1604 1041 1678; x_wconf 85' lang='grc' dir='ltr'><em>οὑν</em></span> <span class='ocrx_word' id='word_1_96' title='bbox 1072 1609 1091 1700; x_wconf 77' lang='grc' dir='ltr'><em>ἡ</em></span> <span class='ocrx_word' id='word_1_97' title='bbox 1120 1617 1273 1701; x_wconf 86' lang='grc' dir='ltr'><em>παροῦσα</em></span> 
     </span>
    </p>
   </div>
   <div class='ocr_carea' id='block_1_3' title="bbox 153 1809 1273 4400">
    <p class='ocr_par' dir='ltr' id='par_1_5' title="bbox 153 1809 1273 4400">
     <span class='ocr_line' id='line_1_14' title="bbox 246 1809 1273 1885; baseline 0 -18"><span class='ocrx_word' id='word_1_98' title='bbox 246 1813 262 1867; x_wconf 95' lang='grc'>1</span> <span class='ocrx_word' id='word_1_99' title='bbox 280 1812 465 1885; x_wconf 80' lang='grc' dir='ltr'><em>ἀντίστροφος</em></span> <span class='ocrx_word' id='word_1_100' title='bbox 477 1810 510 1865; x_wconf 87' lang='lat' dir='ltr'><em>V.</em></span> <span class='ocrx_word' id='word_1_101' title='bbox 528 1811 677 1881; x_wconf 77' lang='lat' dir='ltr'><strong>sequuntur</strong></span> <span class='ocrx_word' id='word_1_102' title='bbox 697 1810 812 1865; x_wconf 80' lang='lat' dir='ltr'><strong>aliorum</strong></span> <span class='ocrx_word' id='word_1_103' title='bbox 828 1809 1066 1881; x_wconf 77' lang='lat' dir='ltr'><strong>grammaticorum</strong></span> <span class='ocrx_word' id='word_1_104' title='bbox 1084 1811 1273 1867; x_wconf 75' lang='lat' dir='ltr'><strong>annotafiones</strong></span> 
     </span>
     <span class='ocr_line' id='line_1_15' title="bbox 157 1896 1273 1973; baseline 0 -21"><span class='ocrx_word' id='word_1_105' title='bbox 157 1897 241 1953; x_wconf 77' lang='lat' dir='ltr'><strong>duae:</strong></span> <span class='ocrx_word' id='word_1_106' title='bbox 281 1898 401 1971; x_wconf 76' lang='grc' dir='ltr'><em>(ἔφαμεν</em></span> <span class='ocrx_word' id='word_1_107' title='bbox 428 1897 483 1971; x_wconf 86' lang='grc' dir='ltr'><em>γὰρ</em></span> <span class='ocrx_word' id='word_1_108' title='bbox 509 1900 539 1953; x_wconf 91' lang='grc' dir='ltr'><em>ἐν</em></span> <span class='ocrx_word' id='word_1_109' title='bbox 564 1904 621 1957; x_wconf 83' lang='grc' dir='ltr'><em>τοῖς</em></span> <span class='ocrx_word' id='word_1_110' title='bbox 641 1904 769 1971; x_wconf 82' lang='grc' dir='ltr'><em>χορικοῖς</em></span> <span class='ocrx_word' id='word_1_111' title='bbox 792 1903 927 1968; x_wconf 85' lang='grc' dir='ltr'><em>γίνεσθαι</em></span> <span class='ocrx_word' id='word_1_112' title='bbox 951 1896 1002 1959; x_wconf 85' lang='grc' dir='ltr'><em>τάς</em></span> <span class='ocrx_word' id='word_1_113' title='bbox 1019 1896 1141 1973; x_wconf 83' lang='grc' dir='ltr'><em>στροφὰς</em></span> <span class='ocrx_word' id='word_1_114' title='bbox 1160 1903 1207 1952; x_wconf 88' lang='grc' dir='ltr'><em>καὶ</em></span> <span class='ocrx_word' id='word_1_115' title='bbox 1225 1899 1273 1959; x_wconf 85' lang='grc' dir='ltr'><em>τὰς</em></span> 
     </span>
     <span class='ocr_line' id='line_1_16' title="bbox 156 1981 1272 2060; baseline 0.001 -23"><span class='ocrx_word' id='word_1_116' title='bbox 156 1983 381 2056; x_wconf 64' lang='grc' dir='ltr'><em>ιἀντιστρόφους</em></span> <span class='ocrx_word' id='word_1_117' title='bbox 398 1987 445 2037; x_wconf 92' lang='grc' dir='ltr'><em>καὶ</em></span> <span class='ocrx_word' id='word_1_118' title='bbox 464 1982 513 2044; x_wconf 82' lang='grc' dir='ltr'><em>τάς</em></span> <span class='ocrx_word' id='word_1_119' title='bbox 531 1981 669 2053; x_wconf 78' lang='grc' dir='ltr'><em>ἐπῳὺοὑς,</em></span> <span class='ocrx_word' id='word_1_120' title='bbox 690 1981 707 2036; x_wconf 85' lang='grc' dir='ltr'><em>ά</em></span> <span class='ocrx_word' id='word_1_121' title='bbox 726 2001 799 2044; x_wconf 88' lang='grc' dir='ltr'><em>τινες</em></span> <span class='ocrx_word' id='word_1_122' title='bbox 817 1986 952 2040; x_wconf 87' lang='grc' dir='ltr'><em>καλοῦσιν</em></span> <span class='ocrx_word' id='word_1_123' title='bbox 970 1983 1152 2060; x_wconf 77' lang='grc' dir='ltr'><em>ἐπιρρήματα.</em></span> <span class='ocrx_word' id='word_1_124' title='bbox 1181 1983 1272 2042; x_wconf 75' lang='grc' dir='ltr'><em>ι)κάν-</em></span> 
     </span>
     <span class='ocr_line' id='line_1_17' title="bbox 156 2066 1271 2146; baseline 0.001 -21"><span class='ocrx_word' id='word_1_125' title='bbox 156 2075 249 2125; x_wconf 88' lang='grc' dir='ltr'><em>ταὺθα</em></span> <span class='ocrx_word' id='word_1_126' title='bbox 267 2066 317 2124; x_wconf 86' lang='grc' dir='ltr'><em>οὑν</em></span> <span class='ocrx_word' id='word_1_127' title='bbox 333 2068 383 2136; x_wconf 84' lang='grc' dir='ltr'><em>τὴν</em></span> <span class='ocrx_word' id='word_1_128' title='bbox 403 2070 592 2145; x_wconf 77' lang='grc' dir='ltr'><em>ἀντίστροφον</em></span> <span class='ocrx_word' id='word_1_129' title='bbox 610 2066 752 2140; x_wconf 74' lang='grc' dir='ltr'><em>ἐπήγαγεν</em></span> <span class='ocrx_word' id='word_1_130' title='bbox 771 2067 786 2122; x_wconf 88' lang='grc' dir='ltr'><em>ὑ</em></span> <span class='ocrx_word' id='word_1_131' title='bbox 805 2067 935 2139; x_wconf 86' lang='grc' dir='ltr'><em>ποιητῆς,</em></span> <span class='ocrx_word' id='word_1_132' title='bbox 955 2070 1051 2144; x_wconf 77' lang='grc' dir='ltr'><em>ὥσπερ</em></span> <span class='ocrx_word' id='word_1_133' title='bbox 1070 2070 1271 2146; x_wconf 77' lang='grc' dir='ltr'><em>οἀναστρέφων</em></span> 
     </span>
     <span class='ocr_line' id='line_1_18' title="bbox 156 2155 1271 2233; baseline 0.004 -23"><span class='ocrx_word' id='word_1_134' title='bbox 156 2157 205 2211; x_wconf 77' lang='grc' dir='ltr'><em>ἐπὶ</em></span> <span class='ocrx_word' id='word_1_135' title='bbox 221 2157 252 2211; x_wconf 90' lang='grc' dir='ltr'><em>τὸ</em></span> <span class='ocrx_word' id='word_1_136' title='bbox 272 2159 301 2218; x_wconf 82' lang='grc' dir='ltr'><em>ἐξ</em></span> <span class='ocrx_word' id='word_1_137' title='bbox 318 2157 403 2232; x_wconf 85' lang='grc' dir='ltr'><em>ἀρχῆς</em></span> <span class='ocrx_word' id='word_1_138' title='bbox 420 2161 519 2229; x_wconf 80' lang='grc' dir='ltr'><em>μέλος,</em></span> <span class='ocrx_word' id='word_1_139' title='bbox 540 2157 665 2230; x_wconf 84' lang='grc' dir='ltr'><em>ὅθενπερ</em></span> <span class='ocrx_word' id='word_1_140' title='bbox 686 2155 820 2231; x_wconf 72' lang='grc' dir='ltr'><em>ἐξετράπη</em></span> <span class='ocrx_word' id='word_1_141' title='bbox 834 2162 881 2230; x_wconf 74' lang='grc' dir='ltr'><em>Ιεἰς</em></span> <span class='ocrx_word' id='word_1_142' title='bbox 896 2156 927 2211; x_wconf 85' lang='grc' dir='ltr'><em>τὸ</em></span> <span class='ocrx_word' id='word_1_143' title='bbox 946 2158 1094 2233; x_wconf 88' lang='grc' dir='ltr'><em>ἐπίρρημα.</em></span> <span class='ocrx_word' id='word_1_144' title='bbox 1113 2155 1271 2231; x_wconf 81' lang='grc' dir='ltr'><em>ἀρξάμενος</em></span> 
     </span>
     <span class='ocr_line' id='line_1_19' title="bbox 156 2241 1271 2319; baseline 0 -21"><span class='ocrx_word' id='word_1_145' title='bbox 156 2243 213 2319; x_wconf 88' lang='grc' dir='ltr'><em>γὰρ</em></span> <span class='ocrx_word' id='word_1_146' title='bbox 230 2243 333 2315; x_wconf 81' lang='grc' dir='ltr'><em>ὑμνεῖν</em></span> <span class='ocrx_word' id='word_1_147' title='bbox 349 2243 413 2303; x_wconf 85' lang='grc' dir='ltr'><em>τοὺς</em></span> <span class='ocrx_word' id='word_1_148' title='bbox 431 2242 514 2305; x_wconf 86' lang='grc' dir='ltr'><em>θεοὺς</em></span> <span class='ocrx_word' id='word_1_149' title='bbox 524 2248 572 2297; x_wconf 87' lang='grc' dir='ltr'><em>καὶ</em></span> <span class='ocrx_word' id='word_1_150' title='bbox 586 2241 819 2318; x_wconf 85' lang='grc' dir='ltr'><em>παραγενόμενος</em></span> <span class='ocrx_word' id='word_1_151' title='bbox 831 2248 914 2319; x_wconf 88' lang='grc' dir='ltr'><em>μέχρι</em></span> <span class='ocrx_word' id='word_1_152' title='bbox 927 2243 998 2297; x_wconf 66' lang='grc' dir='ltr'><em>ᾱτοῦ</em></span> <span class='ocrx_word' id='word_1_153' title='bbox 1016 2243 1127 2310; x_wconf 84' lang='grc' dir='ltr'><em>Ἡλίου,</em></span> <span class='ocrx_word' id='word_1_154' title='bbox 1145 2242 1271 2316; x_wconf 82' lang='grc' dir='ltr'><em>ἐπήγαγε</em></span> 
     </span>
     <span class='ocr_line' id='line_1_20' title="bbox 155 2327 1270 2403; baseline 0 -19"><span class='ocrx_word' id='word_1_155' title='bbox 155 2329 207 2398; x_wconf 80' lang='grc' dir='ltr'><em>τῆν</em></span> <span class='ocrx_word' id='word_1_156' title='bbox 225 2327 375 2402; x_wconf 83' lang='grc' dir='ltr'><em>ἐκτροπῆν,</em></span> <span class='ocrx_word' id='word_1_157' title='bbox 394 2336 522 2385; x_wconf 84' lang='grc' dir='ltr'><em>τουτέστι</em></span> <span class='ocrx_word' id='word_1_158' title='bbox 539 2329 571 2384; x_wconf 86' lang='grc' dir='ltr'><em>τὸ</em></span> <span class='ocrx_word' id='word_1_159' title='bbox 592 2332 743 2402; x_wconf 80' lang='grc' dir='ltr'><em>ἐπίρρημα.</em></span> <span class='ocrx_word' id='word_1_160' title='bbox 771 2330 830 2384; x_wconf 86' lang='grc' dir='ltr'><em>ἀπὸ</em></span> <span class='ocrx_word' id='word_1_161' title='bbox 852 2337 901 2384; x_wconf 81' lang='grc' dir='ltr'><em>τοῑ</em></span> <span class='ocrx_word' id='word_1_162' title='bbox 919 2329 963 2397; x_wconf 70' lang='grc' dir='ltr'><em>,ὦ</em></span> <span class='ocrx_word' id='word_1_163' title='bbox 984 2327 1141 2403; x_wconf 86' lang='grc' dir='ltr'><em>σοφώτατοι</em></span> <span class='ocrx_word' id='word_1_164' title='bbox 1162 2337 1270 2398; x_wconf 81' lang='grc' dir='ltr'><em>θεαταί,</em></span> 
     </span>
     <span class='ocr_line' id='line_1_21' title="bbox 157 2415 1272 2494; baseline 0 -23"><span class='ocrx_word' id='word_1_165' title='bbox 157 2418 258 2492; x_wconf 64' lang='grc' dir='ltr'><em>θὺεὑρο</em></span> <span class='ocrx_word' id='word_1_166' title='bbox 279 2417 330 2474; x_wconf 89' lang='grc' dir='ltr'><em>τὸν</em></span> <span class='ocrx_word' id='word_1_167' title='bbox 351 2421 420 2474; x_wconf 90' lang='grc' dir='ltr'><em>νοῦν</em></span> <span class='ocrx_word' id='word_1_168' title='bbox 437 2421 619 2494; x_wconf 85' lang='grc' dir='ltr'><em>προσέχετε.“</em></span> <span class='ocrx_word' id='word_1_169' title='bbox 648 2416 711 2473; x_wconf 74' lang='grc' dir='ltr'><em>οὔτε</em></span> <span class='ocrx_word' id='word_1_170' title='bbox 736 2416 792 2492; x_wconf 84' lang='grc' dir='ltr'><em>γάρ</em></span> <span class='ocrx_word' id='word_1_171' title='bbox 813 2416 829 2485; x_wconf 83' lang='grc' dir='ltr'><em>ἡ</em></span> <span class='ocrx_word' id='word_1_172' title='bbox 849 2415 963 2474; x_wconf 86' lang='grc' dir='ltr'><em>ὑιάνοια</em></span> <span class='ocrx_word' id='word_1_173' title='bbox 980 2424 1040 2479; x_wconf 89' lang='grc' dir='ltr'><em>τοῖς</em></span> <span class='ocrx_word' id='word_1_174' title='bbox 1058 2424 1272 2492; x_wconf 83' lang='grc' dir='ltr'><em>προειρημένοις</em></span> 
     </span>
     <span class='ocr_line' id='line_1_22' title="bbox 157 2502 1271 2580; baseline 0.002 -20"><span class='ocrx_word' id='word_1_175' title='bbox 157 2502 311 2565; x_wconf 86' lang='grc' dir='ltr'><em>ἀκόλουθος</em></span> <span class='ocrx_word' id='word_1_176' title='bbox 327 2502 388 2558; x_wconf 76' lang='grc' dir='ltr'><em>οὔτε</em></span> <span class='ocrx_word' id='word_1_177' title='bbox 406 2502 438 2557; x_wconf 88' lang='grc' dir='ltr'><em>τὸ</em></span> <span class='ocrx_word' id='word_1_178' title='bbox 457 2509 563 2580; x_wconf 84' lang='grc' dir='ltr'><em>μέτρον</em></span> <span class='ocrx_word' id='word_1_179' title='bbox 581 2510 633 2559; x_wconf 86' lang='grc' dir='ltr'><em>τοῦ</em></span> <span class='ocrx_word' id='word_1_180' title='bbox 652 2503 747 2576; x_wconf 90' lang='grc' dir='ltr'><em>λόγου.</em></span> <span class='ocrx_word' id='word_1_181' title='bbox 765 2503 853 2561; x_wconf 90' lang='grc' dir='ltr'><em>πάλιν</em></span> <span class='ocrx_word' id='word_1_182' title='bbox 873 2502 924 2562; x_wconf 82' lang='grc' dir='ltr'><em>οὖν</em></span> <span class='ocrx_word' id='word_1_183' title='bbox 942 2506 1139 2580; x_wconf 80' lang='grc' dir='ltr'><em>ἒπανατρέχων</em></span> <span class='ocrx_word' id='word_1_184' title='bbox 1159 2507 1207 2559; x_wconf 84' lang='grc' dir='ltr'><em>ἐπὶ</em></span> <span class='ocrx_word' id='word_1_185' title='bbox 1221 2505 1271 2563; x_wconf 84' lang='grc' dir='ltr'><em>τὸν</em></span> 
     </span>
     <span class='ocr_line' id='line_1_23' title="bbox 156 2589 1269 2668; baseline 0.002 -24"><span class='ocrx_word' id='word_1_186' title='bbox 156 2589 261 2662; x_wconf 81' lang='grc' dir='ltr'><em>ὕμνον,</em></span> <span class='ocrx_word' id='word_1_187' title='bbox 292 2596 324 2664; x_wconf 86' lang='grc' dir='ltr'><em>τῆ</em></span> <span class='ocrx_word' id='word_1_188' title='bbox 350 2595 405 2646; x_wconf 83' lang='grc' dir='ltr'><em>τῶν</em></span> <span class='ocrx_word' id='word_1_189' title='bbox 433 2596 506 2647; x_wconf 83' lang='grc' dir='ltr'><em>θεῶν</em></span> <span class='ocrx_word' id='word_1_190' title='bbox 532 2596 635 2667; x_wconf 86' lang='grc' dir='ltr'><em>χρῆται</em></span> <span class='ocrx_word' id='word_1_191' title='bbox 653 2592 862 2668; x_wconf 79' lang='grc' dir='ltr'><em>ἐπαναστροφῆ.</em></span> <span class='ocrx_word' id='word_1_192' title='bbox 898 2597 924 2645; x_wconf 82' lang='grc' dir='ltr'><em>εἰ</em></span> <span class='ocrx_word' id='word_1_193' title='bbox 948 2591 999 2648; x_wconf 88' lang='grc' dir='ltr'><em>οὑν</em></span> <span class='ocrx_word' id='word_1_194' title='bbox 1020 2612 1062 2654; x_wconf 85' lang='grc' dir='ltr'><em>τις</em></span> <span class='ocrx_word' id='word_1_195' title='bbox 1089 2592 1123 2645; x_wconf 88' lang='grc' dir='ltr'><em>τὰ</em></span> <span class='ocrx_word' id='word_1_196' title='bbox 1143 2593 1269 2664; x_wconf 82' lang='grc' dir='ltr'><em>ἐνμέσῳ</em></span> 
     </span>
     <span class='ocr_line' id='line_1_24' title="bbox 156 2675 1270 2750; baseline 0 -18"><span class='ocrx_word' id='word_1_197' title='bbox 156 2676 271 2733; x_wconf 81' lang='grc' dir='ltr'><em>ἅπαντα</em></span> <span class='ocrx_word' id='word_1_198' title='bbox 286 2675 399 2750; x_wconf 81' lang='grc' dir='ltr'><em>ὑφελὼν</em></span> <span class='ocrx_word' id='word_1_199' title='bbox 417 2678 464 2730; x_wconf 84' lang='grc' dir='ltr'><em>ἐπὶ</em></span> <span class='ocrx_word' id='word_1_200' title='bbox 486 2683 572 2731; x_wconf 84' lang='grc' dir='ltr'><em>ταῦτα</em></span> <span class='ocrx_word' id='word_1_201' title='bbox 589 2679 687 2745; x_wconf 79' lang='grc' dir='ltr'><em>ἔλθοι,</em></span> <span class='ocrx_word' id='word_1_202' title='bbox 709 2677 793 2734; x_wconf 81' lang='grc' dir='ltr'><em>οὑὺὲν</em></span> <span class='ocrx_word' id='word_1_203' title='bbox 812 2677 849 2734; x_wconf 86' lang='grc' dir='ltr'><em>ἀν</em></span> <span class='ocrx_word' id='word_1_204' title='bbox 867 2676 931 2733; x_wconf 82' lang='grc' dir='ltr'><em>οὑτε</em></span> <span class='ocrx_word' id='word_1_205' title='bbox 954 2680 969 2733; x_wconf 89' lang='grc' dir='ltr'>ὁ</span> <span class='ocrx_word' id='word_1_206' title='bbox 989 2679 1072 2750; x_wconf 81' lang='grc' dir='ltr'><em>λόγος</em></span> <span class='ocrx_word' id='word_1_207' title='bbox 1094 2677 1159 2733; x_wconf 83' lang='grc' dir='ltr'><em>οὑτε</em></span> <span class='ocrx_word' id='word_1_208' title='bbox 1177 2679 1270 2739; x_wconf 86' lang='grc' dir='ltr'><em>ὑνοῦς</em></span> 
     </span>
     <span class='ocr_line' id='line_1_25' title="bbox 155 2760 1267 2838; baseline 0.003 -22"><span class='ocrx_word' id='word_1_209' title='bbox 155 2760 362 2831; x_wconf 79' lang='grc' dir='ltr'><em>ἐπιζητήσειεν,</em></span> <span class='ocrx_word' id='word_1_210' title='bbox 392 2763 460 2816; x_wconf 83' lang='grc' dir='ltr'><em>ἀλλὰ</em></span> <span class='ocrx_word' id='word_1_211' title='bbox 486 2768 596 2836; x_wconf 81' lang='grc' dir='ltr'><em>μᾶλλον</em></span> <span class='ocrx_word' id='word_1_212' title='bbox 626 2766 662 2832; x_wconf 58' lang='grc' dir='ltr'><em>’ἡ</em></span> <span class='ocrx_word' id='word_1_213' title='bbox 686 2765 840 2819; x_wconf 77' lang='grc' dir='ltr'><em>ἀκολουθία</em></span> <span class='ocrx_word' id='word_1_214' title='bbox 863 2765 935 2819; x_wconf 86' lang='grc' dir='ltr'><em>οὑτω</em></span> <span class='ocrx_word' id='word_1_215' title='bbox 961 2763 1140 2838; x_wconf 83' lang='grc' dir='ltr'><em>φυλάττοιτο,</em></span> <span class='ocrx_word' id='word_1_216' title='bbox 1173 2762 1221 2819; x_wconf 92' lang='grc' dir='ltr'><em>τόν</em></span> <span class='ocrx_word' id='word_1_217' title='bbox 1240 2767 1267 2818; x_wconf 80' lang='grc' dir='ltr'><em>θ’</em></span> 
     </span>
     <span class='ocr_line' id='line_1_26' title="bbox 155 2847 1270 2925; baseline 0.004 -21"><span class='ocrx_word' id='word_1_218' title='bbox 155 2847 369 2922; x_wconf 66' lang='grc' dir='ltr'><em>εἷἱππονώμαν,</em></span> <span class='ocrx_word' id='word_1_219' title='bbox 399 2849 429 2909; x_wconf 80' lang='grc' dir='ltr'><em>ὂς</em></span> <span class='ocrx_word' id='word_1_220' title='bbox 455 2849 671 2925; x_wconf 83' lang='grc' dir='ltr'><em>ὑπερλάμπροις</em></span> <span class='ocrx_word' id='word_1_221' title='bbox 689 2852 795 2917; x_wconf 87' lang='grc' dir='ltr'><em>ἀκτῖσι,</em></span> <span class='ocrx_word' id='word_1_222' title='bbox 823 2855 870 2905; x_wconf 83' lang='grc' dir='ltr'><em>καὶ</em></span> <span class='ocrx_word' id='word_1_223' title='bbox 886 2851 920 2905; x_wconf 88' lang='grc' dir='ltr'><em>τά</em></span> <span class='ocrx_word' id='word_1_224' title='bbox 938 2851 1011 2920; x_wconf 81' lang='grc' dir='ltr'><em>ἑξῆς,</em></span> <span class='ocrx_word' id='word_1_225' title='bbox 1039 2853 1119 2925; x_wconf 81' lang='grc' dir='ltr'><em>ἀμφί</em></span> <span class='ocrx_word' id='word_1_226' title='bbox 1133 2872 1186 2923; x_wconf 87' lang='grc' dir='ltr'><em>μοι</em></span> <span class='ocrx_word' id='word_1_227' title='bbox 1204 2851 1270 2908; x_wconf 84' lang='grc' dir='ltr'><em>αὑτε</em></span> 
     </span>
     <span class='ocr_line' id='line_1_27' title="bbox 158 2935 1269 3011; baseline 0.001 -18"><span class='ocrx_word' id='word_1_228' title='bbox 158 2935 262 3006; x_wconf 64' lang='grc' dir='ltr'><em>Φοῖβ’11</em></span> <span class='ocrx_word' id='word_1_229' title='bbox 281 2935 359 2998; x_wconf 86' lang='grc' dir='ltr'><em>ἀναξ.</em></span> <span class='ocrx_word' id='word_1_230' title='bbox 378 2940 466 3009; x_wconf 85' lang='grc' dir='ltr'><em>φησὶν</em></span> <span class='ocrx_word' id='word_1_231' title='bbox 484 2936 549 3002; x_wconf 81' lang='grc' dir='ltr'><em>οὖν,</em></span> <span class='ocrx_word' id='word_1_232' title='bbox 576 2935 646 2991; x_wconf 90' lang='grc' dir='ltr'><em>ἀλλά</em></span> <span class='ocrx_word' id='word_1_233' title='bbox 664 2954 718 2992; x_wconf 89' lang='grc' dir='ltr'><em>σου</em></span> <span class='ocrx_word' id='word_1_234' title='bbox 737 2936 839 3005; x_wconf 88' lang='grc' dir='ltr'><em>πάλιν,</em></span> <span class='ocrx_word' id='word_1_235' title='bbox 872 2936 1061 3008; x_wconf 74' lang='grc' dir='ltr'><em>ὦἍπολλον,</em></span> <span class='ocrx_word' id='word_1_236' title='bbox 1083 2938 1194 3011; x_wconf 73' lang='grc' dir='ltr'><em>ἕξομαι,</em></span> <span class='ocrx_word' id='word_1_237' title='bbox 1222 2944 1269 2994; x_wconf 91' lang='grc' dir='ltr'><em>καὶ</em></span> 
     </span>
     <span class='ocr_line' id='line_1_28' title="bbox 154 3022 1269 3098; baseline 0.003 -20"><span class='ocrx_word' id='word_1_238' title='bbox 154 3030 212 3080; x_wconf 80' lang='grc' dir='ltr'><em>τῶν</em></span> <span class='ocrx_word' id='word_1_239' title='bbox 232 3029 292 3079; x_wconf 85' lang='grc' dir='ltr'><em>σῶν</em></span> <span class='ocrx_word' id='word_1_240' title='bbox 309 3024 441 3080; x_wconf 84' lang='grc' dir='ltr'><em>ἐπαίνων.</em></span> <span class='ocrx_word' id='word_1_241' title='bbox 478 3024 511 3078; x_wconf 87' lang='grc' dir='ltr'><em>οὑ</em></span> <span class='ocrx_word' id='word_1_242' title='bbox 527 3022 584 3094; x_wconf 83' lang='grc' dir='ltr'><em>μὴν</em></span> <span class='ocrx_word' id='word_1_243' title='bbox 603 3024 697 3086; x_wconf 84' lang='grc' dir='ltr'><em>άπλῶς</em></span> <span class='ocrx_word' id='word_1_244' title='bbox 715 3025 763 3077; x_wconf 82' lang='grc' dir='ltr'><em>ἐπὶ</em></span> <span class='ocrx_word' id='word_1_245' title='bbox 780 3023 832 3091; x_wconf 85' lang='grc' dir='ltr'><em>τὴν</em></span> <span class='ocrx_word' id='word_1_246' title='bbox 850 3025 1040 3098; x_wconf 81' lang='grc' dir='ltr'><em>ἀντίστροφον</em></span> <span class='ocrx_word' id='word_1_247' title='bbox 1059 3023 1168 3094; x_wconf 80' lang='grc' dir='ltr'><em>ἐλθών,</em></span> <span class='ocrx_word' id='word_1_248' title='bbox 1200 3032 1269 3081; x_wconf 81' lang='grc' dir='ltr'><em>θεοῖ</em></span> 
     </span>
     <span class='ocr_line' id='line_1_29' title="bbox 155 3107 1270 3186; baseline 0.004 -22"><span class='ocrx_word' id='word_1_249' title='bbox 155 3130 230 3170; x_wconf 87' lang='grc' dir='ltr'><em>τινος</em></span> <span class='ocrx_word' id='word_1_250' title='bbox 247 3107 471 3183; x_wconf 79' lang='grc' dir='ltr'><em>ἐμνημόνευσεν,</em></span> <span class='ocrx_word' id='word_1_251' title='bbox 490 3110 559 3163; x_wconf 86' lang='grc' dir='ltr'><em>ἀλλὰ</em></span> <span class='ocrx_word' id='word_1_252' title='bbox 578 3109 648 3182; x_wconf 81' lang='grc' dir='ltr'><em>μετὰ</em></span> <span class='ocrx_word' id='word_1_253' title='bbox 666 3109 716 3166; x_wconf 89' lang='grc' dir='ltr'><em>τὸν</em></span> <span class='ocrx_word' id='word_1_254' title='bbox 730 3109 831 3167; x_wconf 88' lang='grc' dir='ltr'><em>Ἥλιον</em></span> <span class='ocrx_word' id='word_1_255' title='bbox 848 3111 908 3176; x_wconf 79' lang='grc' dir='ltr'><em>ἑξῆς</em></span> <span class='ocrx_word' id='word_1_256' title='bbox 924 3109 974 3166; x_wconf 88' lang='grc' dir='ltr'><em>τὸν</em></span> <span class='ocrx_word' id='word_1_257' title='bbox 986 3109 1148 3167; x_wconf 81' lang='grc' dir='ltr'><em>Ἀπόλλωνά</em></span> <span class='ocrx_word' id='word_1_258' title='bbox 1173 3129 1270 3186; x_wconf 91' lang='grc' dir='ltr'><em>φησιν,</em></span> 
     </span>
     <span class='ocr_line' id='line_1_30' title="bbox 154 3192 1269 3282; baseline 0.004 -31"><span class='ocrx_word' id='word_1_259' title='bbox 154 3197 218 3251; x_wconf 88' lang='grc' dir='ltr'><em>ἐπεί</em></span> <span class='ocrx_word' id='word_1_260' title='bbox 232 3201 307 3269; x_wconf 91' lang='grc' dir='ltr'><em>φασί</em></span> <span class='ocrx_word' id='word_1_261' title='bbox 323 3214 397 3257; x_wconf 85' lang='grc' dir='ltr'><em>τινες</em></span> <span class='ocrx_word' id='word_1_262' title='bbox 412 3196 463 3252; x_wconf 87' lang='grc' dir='ltr'><em>τὸν</em></span> <span class='ocrx_word' id='word_1_263' title='bbox 477 3195 577 3251; x_wconf 87' lang='grc' dir='ltr'><em>Ἥλιον</em></span> <span class='ocrx_word' id='word_1_264' title='bbox 596 3195 646 3251; x_wconf 89' lang='grc' dir='ltr'><em>τὸν</em></span> <span class='ocrx_word' id='word_1_265' title='bbox 668 3196 755 3253; x_wconf 85' lang='grc' dir='ltr'><em>αὑτὸν</em></span> <span class='ocrx_word' id='word_1_266' title='bbox 781 3197 912 3267; x_wconf 80' lang='grc' dir='ltr'><em>εἶναιτῷ</em></span> <span class='ocrx_word' id='word_1_267' title='bbox 934 3192 1110 3268; x_wconf 74' lang='grc' dir='ltr'><em>Ἀπόλλωνι.)</em></span> <span class='ocrx_word' id='word_1_268' title='bbox 1149 3193 1219 3282; x_wconf 60' lang='grc' dir='ltr'><em>ῆὸτι</em></span> <span class='ocrx_word' id='word_1_269' title='bbox 1238 3203 1269 3255; x_wconf 81' lang='grc' dir='ltr'><em>ὑὲ</em></span> 
     </span>
     <span class='ocr_line' id='line_1_31' title="bbox 154 3280 1270 3354; baseline 0.008 -18"><span class='ocrx_word' id='word_1_270' title='bbox 154 3288 193 3354; x_wconf 78' lang='grc' dir='ltr'><em>τῷ</em></span> <span class='ocrx_word' id='word_1_271' title='bbox 213 3281 289 3354; x_wconf 81' lang='grc' dir='ltr'><em>λόγῳ</em></span> <span class='ocrx_word' id='word_1_272' title='bbox 307 3280 393 3352; x_wconf 83' lang='grc' dir='ltr'><em>τούτῳ</em></span> <span class='ocrx_word' id='word_1_273' title='bbox 413 3286 460 3335; x_wconf 86' lang='grc' dir='ltr'><em>καὶ</em></span> <span class='ocrx_word' id='word_1_274' title='bbox 477 3282 492 3336; x_wconf 86' lang='grc' dir='ltr'>ὁ</span> <span class='ocrx_word' id='word_1_275' title='bbox 511 3281 626 3350; x_wconf 82' lang='grc' dir='ltr'><em>ποιητὴς</em></span> <span class='ocrx_word' id='word_1_276' title='bbox 642 3286 861 3339; x_wconf 74' lang='grc' dir='ltr'><em>κατακολουθῶν</em></span> <span class='ocrx_word' id='word_1_277' title='bbox 878 3281 951 3354; x_wconf 81' lang='grc' dir='ltr'><em>μετὰ</em></span> <span class='ocrx_word' id='word_1_278' title='bbox 969 3281 1018 3338; x_wconf 86' lang='grc' dir='ltr'><em>τὸν</em></span> <span class='ocrx_word' id='word_1_279' title='bbox 1039 3281 1138 3343; x_wconf 87' lang='grc' dir='ltr'><em>Ἥλιον</em></span> <span class='ocrx_word' id='word_1_280' title='bbox 1156 3289 1203 3341; x_wconf 76' lang='grc' dir='ltr'><em>ἐπὶ</em></span> <span class='ocrx_word' id='word_1_281' title='bbox 1219 3286 1270 3345; x_wconf 88' lang='grc' dir='ltr'><em>τὸν</em></span> 
     </span>
     <span class='ocr_line' id='line_1_32' title="bbox 153 3367 1268 3448; baseline 0.004 -24"><span class='ocrx_word' id='word_1_282' title='bbox 153 3367 326 3429; x_wconf 85' lang='grc' dir='ltr'><em>Ἀπόλλωνος</em></span> <span class='ocrx_word' id='word_1_283' title='bbox 344 3369 452 3443; x_wconf 79' lang='grc' dir='ltr'><em>ἔρχεται</em></span> <span class='ocrx_word' id='word_1_284' title='bbox 471 3367 575 3439; x_wconf 89' lang='grc' dir='ltr'><em>ὑμνον,</em></span> <span class='ocrx_word' id='word_1_285' title='bbox 607 3368 734 3443; x_wconf 84' lang='grc' dir='ltr'><em>φανερὸν</em></span> <span class='ocrx_word' id='word_1_286' title='bbox 759 3375 839 3424; x_wconf 88' lang='grc' dir='ltr'><em>ποιεῖ</em></span> <span class='ocrx_word' id='word_1_287' title='bbox 855 3368 951 3436; x_wconf 85' lang='grc' dir='ltr'><em>αὑτός,</em></span> <span class='ocrx_word' id='word_1_288' title='bbox 982 3372 1085 3442; x_wconf 92' lang='grc' dir='ltr'><em>λέγων,</em></span> <span class='ocrx_word' id='word_1_289' title='bbox 1117 3373 1195 3446; x_wconf 89' lang='grc' dir='ltr'><em>ἀμφί</em></span> <span class='ocrx_word' id='word_1_290' title='bbox 1216 3396 1268 3448; x_wconf 92' lang='grc' dir='ltr'><em>μοι</em></span> 
     </span>
     <span class='ocr_line' id='line_1_33' title="bbox 155 3453 1270 3532; baseline 0.005 -21"><span class='ocrx_word' id='word_1_291' title='bbox 155 3453 222 3511; x_wconf 86' lang='grc' dir='ltr'><em>αὑτε</em></span> <span class='ocrx_word' id='word_1_292' title='bbox 243 3453 324 3524; x_wconf 74' lang='grc' dir='ltr'><em>Φοῖβ’</em></span> <span class='ocrx_word' id='word_1_293' title='bbox 344 3454 416 3516; x_wconf 82' lang='grc' dir='ltr'><em>ἀναξ</em></span> <span class='ocrx_word' id='word_1_294' title='bbox 426 3472 433 3486; x_wconf 84' lang='lat'><strong>·</strong></span> <span class='ocrx_word' id='word_1_295' title='bbox 457 3457 589 3509; x_wconf 78' lang='grc' dir='ltr'><em>τουτέστι</em></span> <span class='ocrx_word' id='word_1_296' title='bbox 612 3454 709 3512; x_wconf 85' lang='grc' dir='ltr'><em>πάλιν.</em></span> <span class='ocrx_word' id='word_1_297' title='bbox 747 3457 875 3529; x_wconf 85' lang='grc' dir='ltr'><em>οὑὺαμοῦ</em></span> <span class='ocrx_word' id='word_1_298' title='bbox 893 3457 948 3532; x_wconf 86' lang='grc' dir='ltr'><em>γὰρ</em></span> <span class='ocrx_word' id='word_1_299' title='bbox 965 3462 1016 3511; x_wconf 86' lang='grc' dir='ltr'><em>νῦν</em></span> <span class='ocrx_word' id='word_1_300' title='bbox 1033 3463 1082 3511; x_wconf 85' lang='grc' dir='ltr'><em>τοῦ</em></span> <span class='ocrx_word' id='word_1_301' title='bbox 1101 3458 1270 3524; x_wconf 81' lang='grc' dir='ltr'><em>Ἀπόλλωνος</em></span> 
     </span>
     <span class='ocr_line' id='line_1_34' title="bbox 154 3539 1269 3621; baseline -0.005 -25"><span class='ocrx_word' id='word_1_302' title='bbox 154 3546 303 3616; x_wconf 82' lang='grc' dir='ltr'><em>μέμνηται.</em></span> <span class='ocrx_word' id='word_1_303' title='bbox 336 3545 365 3595; x_wconf 88' lang='grc' dir='ltr'><em>τί</em></span> <span class='ocrx_word' id='word_1_304' title='bbox 383 3539 434 3596; x_wconf 83' lang='grc' dir='ltr'><em>οὖν</em></span> <span class='ocrx_word' id='word_1_305' title='bbox 456 3541 514 3595; x_wconf 60' lang='lat' dir='ltr'><em>wa</em></span> <span class='ocrx_word' id='word_1_306' title='bbox 531 3547 730 3613; x_wconf 83' lang='grc' dir='ltr'><em>μνημονεῦσαι</em></span> <span class='ocrx_word' id='word_1_307' title='bbox 755 3542 855 3597; x_wconf 63' lang='grc' dir='ltr'><em>ῑαὺτοῦ</em></span> <span class='ocrx_word' id='word_1_308' title='bbox 875 3542 953 3608; x_wconf 87' lang='grc' dir='ltr'><em>αὑτε,</em></span> <span class='ocrx_word' id='word_1_309' title='bbox 974 3548 999 3596; x_wconf 82' lang='grc' dir='ltr'><em>εἰ</em></span> <span class='ocrx_word' id='word_1_310' title='bbox 1017 3542 1057 3616; x_wconf 86' lang='grc' dir='ltr'><em>μῆ</em></span> <span class='ocrx_word' id='word_1_311' title='bbox 1075 3549 1122 3613; x_wconf 89' lang='grc' dir='ltr'><em>τῆς</em></span> <span class='ocrx_word' id='word_1_312' title='bbox 1139 3567 1269 3621; x_wconf 66' lang='grc' dir='ltr'><em>προςηρη.</em></span> 
     </span>
     <span class='ocr_line' id='line_1_35' title="bbox 153 3627 1269 3704; baseline 0 -20"><span class='ocrx_word' id='word_1_313' title='bbox 153 3634 240 3704; x_wconf 83' lang='grc' dir='ltr'><em>μένης</em></span> <span class='ocrx_word' id='word_1_314' title='bbox 258 3629 389 3687; x_wconf 74' lang='grc' dir='ltr'><em>διανοίας</em></span> <span class='ocrx_word' id='word_1_315' title='bbox 405 3631 493 3696; x_wconf 82' lang='grc' dir='ltr'><em>εἴχετο</em></span> <span class='ocrx_word' id='word_1_316' title='bbox 500 3651 509 3692; x_wconf 87' lang='lat'><em>,·</em></span> <span class='ocrx_word' id='word_1_317' title='bbox 529 3627 560 3680; x_wconf 87' lang='grc' dir='ltr'><em>τὸ</em></span> <span class='ocrx_word' id='word_1_318' title='bbox 580 3629 611 3684; x_wconf 78' lang='grc' dir='ltr'><em>ὑὲ</em></span> <span class='ocrx_word' id='word_1_319' title='bbox 627 3633 732 3703; x_wconf 79' lang='grc' dir='ltr'><em>μέτρον</em></span> <span class='ocrx_word' id='word_1_320' title='bbox 751 3628 861 3700; x_wconf 82' lang='grc' dir='ltr'><em>ἀντῳὺῆ</em></span> <span class='ocrx_word' id='word_1_321' title='bbox 880 3634 927 3683; x_wconf 85' lang='grc' dir='ltr'><em>καὶ</em></span> <span class='ocrx_word' id='word_1_322' title='bbox 946 3630 1131 3704; x_wconf 84' lang='grc' dir='ltr'><em>ἀντιστροφῆ.</em></span> <span class='ocrx_word' id='word_1_323' title='bbox 1161 3635 1219 3688; x_wconf 79' lang='grc' dir='ltr'><em>ἔστι</em></span> <span class='ocrx_word' id='word_1_324' title='bbox 1238 3637 1269 3691; x_wconf 74' lang='grc' dir='ltr'><em>δὲ</em></span> 
     </span>
     <span class='ocr_line' id='line_1_36' title="bbox 153 3711 1270 3795; baseline 0.006 -28"><span class='ocrx_word' id='word_1_325' title='bbox 153 3715 187 3771; x_wconf 86' lang='grc' dir='ltr'><em>τὸ</em></span> <span class='ocrx_word' id='word_1_326' title='bbox 204 3719 310 3789; x_wconf 86' lang='grc' dir='ltr'><em>μέτρον</em></span> <span class='ocrx_word' id='word_1_327' title='bbox 329 3717 376 3768; x_wconf 85' lang='grc' dir='ltr'><em>καὶ</em></span> <span class='ocrx_word' id='word_1_328' title='bbox 394 3714 410 3782; x_wconf 83' lang='grc' dir='ltr'><em>ἡ</em></span> <span class='ocrx_word' id='word_1_329' title='bbox 429 3711 550 3780; x_wconf 87' lang='grc' dir='ltr'><em>ποσότης</em></span> <span class='ocrx_word' id='word_1_330' title='bbox 569 3715 655 3784; x_wconf 90' lang='grc' dir='ltr'><em>ὁμοία</em></span> <span class='ocrx_word' id='word_1_331' title='bbox 673 3721 705 3790; x_wconf 81' lang='grc' dir='ltr'><em>τῆ</em></span> <span class='ocrx_word' id='word_1_332' title='bbox 725 3721 840 3790; x_wconf 82' lang='grc' dir='ltr'><em>στροφῆ.</em></span> <span class='ocrx_word' id='word_1_333' title='bbox 866 3714 1008 3788; x_wconf 79' lang='grc' dir='ltr'><em>ὡμοίωται</em></span> <span class='ocrx_word' id='word_1_334' title='bbox 1027 3716 1058 3770; x_wconf 81' lang='grc' dir='ltr'><em>ὑὲ</em></span> <span class='ocrx_word' id='word_1_335' title='bbox 1076 3721 1123 3770; x_wconf 85' lang='grc' dir='ltr'><em>καὶ</em></span> <span class='ocrx_word' id='word_1_336' title='bbox 1142 3718 1173 3772; x_wconf 85' lang='grc' dir='ltr'><em>τὸ</em></span> <span class='ocrx_word' id='word_1_337' title='bbox 1192 3721 1270 3795; x_wconf 82' lang='grc' dir='ltr'><em>ἐπίρ-</em></span> 
     </span>
     <span class='ocr_line' id='line_1_37' title="bbox 153 3791 1268 3879; baseline 0.004 -23"><span class='ocrx_word' id='word_1_338' title='bbox 153 3823 230 3879; x_wconf 86' lang='grc' dir='ltr'><em>ρημα</em></span> <span class='ocrx_word' id='word_1_339' title='bbox 249 3805 296 3855; x_wconf 84' lang='grc' dir='ltr'><em>καλ</em></span> <span class='ocrx_word' id='word_1_340' title='bbox 314 3801 346 3855; x_wconf 88' lang='grc' dir='ltr'><em>τὸ</em></span> <span class='ocrx_word' id='word_1_341' title='bbox 369 3791 594 3879; x_wconf 51' lang='grc' dir='ltr'><em>ἀντεπίρρημαᾟ</em></span> <span class='ocrx_word' id='word_1_342' title='bbox 700 3818 717 3856; x_wconf 77' lang='lat' dir='ltr'>a</span> <span class='ocrx_word' id='word_1_343' title='bbox 739 3800 787 3861; x_wconf 78' lang='grc' dir='ltr'><em>τὰς</em></span> <span class='ocrx_word' id='word_1_344' title='bbox 806 3800 993 3877; x_wconf 87' lang='grc' dir='ltr'><em>ἀντιστροφάς</em></span> <span class='ocrx_word' id='word_1_345' title='bbox 1018 3805 1065 3857; x_wconf 81' lang='grc' dir='ltr'><em>καὶ</em></span> <span class='ocrx_word' id='word_1_346' title='bbox 1083 3803 1131 3865; x_wconf 84' lang='grc' dir='ltr'><em>τὰς</em></span> <span class='ocrx_word' id='word_1_347' title='bbox 1149 3805 1268 3876; x_wconf 73' lang='grc' dir='ltr'><em>ἐπῳδάς,</em></span> 
     </span>
     <span class='ocr_line' id='line_1_38' title="bbox 155 3885 1268 3962; baseline 0.004 -18"><span class='ocrx_word' id='word_1_348' title='bbox 155 3887 285 3956; x_wconf 82' lang='grc' dir='ltr'><em>ἅστινας,</em></span> <span class='ocrx_word' id='word_1_349' title='bbox 305 3887 377 3958; x_wconf 84' lang='lat' dir='ltr'>quod</span> <span class='ocrx_word' id='word_1_350' title='bbox 393 3885 482 3944; x_wconf 83' lang='lat' dir='ltr'><strong>Diibn.</strong></span> <span class='ocrx_word' id='word_1_351' title='bbox 501 3888 625 3943; x_wconf 76' lang='lat' dir='ltr'><strong>mutavit.</strong></span> <span class='ocrx_word' id='word_1_352' title='bbox 724 3889 741 3943; x_wconf 96' lang='lat' dir='ltr'>b</span> <span class='ocrx_word' id='word_1_353' title='bbox 761 3887 854 3962; x_wconf 76' lang='grc' dir='ltr'><em>ὥσπερ</em></span> <span class='ocrx_word' id='word_1_354' title='bbox 880 3887 930 3943; x_wconf 82' lang='grc' dir='ltr'><em>οὖν</em></span> <span class='ocrx_word' id='word_1_355' title='bbox 947 3889 1090 3944; x_wconf 85' lang='grc' dir='ltr'><em>κάνταῦθα</em></span> <span class='ocrx_word' id='word_1_356' title='bbox 1109 3889 1139 3945; x_wconf 89' lang='grc' dir='ltr'><em>τὸ</em></span> <span class='ocrx_word' id='word_1_357' title='bbox 1158 3893 1217 3951; x_wconf 89' lang='grc' dir='ltr'><em>ἀντ.</em></span> <span class='ocrx_word' id='word_1_358' title='bbox 1235 3895 1268 3949; x_wconf 88' lang='lat' dir='ltr'><em>V.</em></span> 
     </span>
     <span class='ocr_line' id='line_1_39' title="bbox 154 3974 1268 4050; baseline 0.002 -18"><span class='ocrx_word' id='word_1_359' title='bbox 154 3976 263 4048; x_wconf 80' lang='grc' dir='ltr'><em>οὑπερ</em></span> <span class='ocrx_word' id='word_1_360' title='bbox 284 3991 335 4032; x_wconf 87' lang='lat' dir='ltr'><em>om.</em></span> <span class='ocrx_word' id='word_1_361' title='bbox 353 3974 401 4040; x_wconf 66' lang='lat' dir='ltr'><em>V„</em></span> <span class='ocrx_word' id='word_1_362' title='bbox 430 3974 477 4045; x_wconf 88' lang='lat' dir='ltr'><em>qui</em></span> <span class='ocrx_word' id='word_1_363' title='bbox 494 3978 541 4029; x_wconf 90' lang='grc' dir='ltr'><em>καὶ</em></span> <span class='ocrx_word' id='word_1_364' title='bbox 559 3976 607 4029; x_wconf 79' lang='grc' dir='ltr'><em>ἐπὶ</em></span> <span class='ocrx_word' id='word_1_365' title='bbox 695 3975 779 4030; x_wconf 69' lang='lat' dir='ltr'><em>drot</em></span> <span class='ocrx_word' id='word_1_366' title='bbox 803 3974 868 4028; x_wconf 85' lang='grc' dir='ltr'><em>ὅλου</em></span> <span class='ocrx_word' id='word_1_367' title='bbox 886 3974 947 4030; x_wconf 82' lang='grc' dir='ltr'><em>ΑΙᾶ.</em></span> <span class='ocrx_word' id='word_1_368' title='bbox 1033 3979 1113 4032; x_wconf 82' lang='grc' dir='ltr'><em>θκαλ</em></span> <span class='ocrx_word' id='word_1_369' title='bbox 1133 3979 1217 4050; x_wconf 78' lang='grc' dir='ltr'><em>δεῦρο</em></span> <span class='ocrx_word' id='word_1_370' title='bbox 1235 3981 1268 4037; x_wconf 88' lang='lat' dir='ltr'><em>V.</em></span> 
     </span>
     <span class='ocr_line' id='line_1_40' title="bbox 153 4059 1268 4135; baseline 0.003 -17"><span class='ocrx_word' id='word_1_371' title='bbox 153 4064 199 4131; x_wconf 60' lang='lat' dir='ltr'><em>fvj</em></span> <span class='ocrx_word' id='word_1_372' title='bbox 219 4065 246 4118; x_wconf 71' lang='grc' dir='ltr'><em>θλ</em></span> <span class='ocrx_word' id='word_1_373' title='bbox 264 4063 334 4117; x_wconf 86' lang='grc' dir='ltr'><em>οὑτω</em></span> <span class='ocrx_word' id='word_1_374' title='bbox 351 4078 402 4117; x_wconf 87' lang='lat' dir='ltr'><em>om.</em></span> <span class='ocrx_word' id='word_1_375' title='bbox 420 4062 454 4116; x_wconf 89' lang='lat' dir='ltr'><em>V.</em></span> <span class='ocrx_word' id='word_1_376' title='bbox 532 4059 738 4135; x_wconf 66' lang='grc' dir='ltr'><em>ςὶππονόμαν</em></span> <span class='ocrx_word' id='word_1_377' title='bbox 757 4061 822 4115; x_wconf 83' lang='grc' dir='ltr'><em>ὅσθ’</em></span> <span class='ocrx_word' id='word_1_378' title='bbox 842 4060 874 4114; x_wconf 87' lang='lat' dir='ltr'><em>V.</em></span> <span class='ocrx_word' id='word_1_379' title='bbox 956 4062 1133 4131; x_wconf 72' lang='grc' dir='ltr'><em>λιῷοῖρελῖ.</em></span> <span class='ocrx_word' id='word_1_380' title='bbox 1169 4068 1268 4126; x_wconf 85' lang='lat' dir='ltr'><strong>omisso</strong></span> 
     </span>
     <span class='ocr_line' id='line_1_41' title="bbox 154 4144 1268 4213; baseline -0.003 -7"><span class='ocrx_word' id='word_1_381' title='bbox 154 4148 228 4211; x_wconf 85' lang='grc' dir='ltr'><em>ἀναξ</em></span> <span class='ocrx_word' id='word_1_382' title='bbox 308 4148 423 4202; x_wconf 82' lang='grc' dir='ltr'><em>ἱαὺτοῦ</em></span> <span class='ocrx_word' id='word_1_383' title='bbox 442 4147 598 4213; x_wconf 66' lang='lat' dir='ltr'>mentius,</span> <span class='ocrx_word' id='word_1_384' title='bbox 620 4155 669 4201; x_wconf 85' lang='grc' dir='ltr'><em>τοῦ</em></span> <span class='ocrx_word' id='word_1_385' title='bbox 687 4147 750 4202; x_wconf 86' lang='lat' dir='ltr'><strong>Ald.</strong></span> <span class='ocrx_word' id='word_1_386' title='bbox 820 4144 947 4203; x_wconf 84' lang='lat' dir='ltr'><strong>Aldina</strong></span> <span class='ocrx_word' id='word_1_387' title='bbox 967 4147 1124 4204; x_wconf 79' lang='lat' dir='ltr'><strong>adversum</strong></span> <span class='ocrx_word' id='word_1_388' title='bbox 1142 4153 1208 4210; x_wconf 83' lang='lat'>596:</span> <span class='ocrx_word' id='word_1_389' title='bbox 1237 4154 1268 4209; x_wconf 73' lang='lat' dir='ltr'><em>rb</em></span> 
     </span>
     <span class='ocr_line' id='line_1_42' title="bbox 154 4231 1269 4312; baseline 0.005 -22"><span class='ocrx_word' id='word_1_390' title='bbox 154 4236 187 4292; x_wconf 76' lang='grc' dir='ltr'><em>δὲ</em></span> <span class='ocrx_word' id='word_1_391' title='bbox 210 4233 362 4308; x_wconf 80' lang='grc' dir='ltr'><em>ὑψικέρατα</em></span> <span class='ocrx_word' id='word_1_392' title='bbox 385 4239 492 4310; x_wconf 82' lang='grc' dir='ltr'><em>πέτραν</em></span> <span class='ocrx_word' id='word_1_393' title='bbox 516 4232 628 4305; x_wconf 72' lang='grc' dir='ltr'><em>ἐπῳδάς</em></span> <span class='ocrx_word' id='word_1_394' title='bbox 652 4236 735 4305; x_wconf 79' lang='grc' dir='ltr'><em>ἐστι.Ι</em></span> <span class='ocrx_word' id='word_1_395' title='bbox 754 4231 785 4286; x_wconf 89' lang='grc' dir='ltr'><em>τὸ</em></span> <span class='ocrx_word' id='word_1_396' title='bbox 811 4231 880 4286; x_wconf 85' lang='grc' dir='ltr'><em>αὐτὸ</em></span> <span class='ocrx_word' id='word_1_397' title='bbox 899 4234 931 4289; x_wconf 79' lang='grc' dir='ltr'><em>δὲ</em></span> <span class='ocrx_word' id='word_1_398' title='bbox 948 4239 1051 4308; x_wconf 86' lang='grc' dir='ltr'><em>μέτρον</em></span> <span class='ocrx_word' id='word_1_399' title='bbox 1076 4241 1113 4306; x_wconf 81' lang='grc' dir='ltr'><em>τῷ</em></span> <span class='ocrx_word' id='word_1_400' title='bbox 1136 4243 1214 4312; x_wconf 84' lang='grc' dir='ltr'><em>μέλει</em></span> <span class='ocrx_word' id='word_1_401' title='bbox 1231 4246 1269 4311; x_wconf 76' lang='grc' dir='ltr'><em>τῷ</em></span> 
     </span>
     <span class='ocr_line' id='line_1_43' title="bbox 153 4316 1094 4400; baseline -0.002 -22"><span class='ocrx_word' id='word_1_402' title='bbox 153 4319 272 4400; x_wconf 81' lang='grc' dir='ltr'><em>πρώτῳ,</em></span> <span class='ocrx_word' id='word_1_403' title='bbox 298 4325 346 4375; x_wconf 86' lang='grc' dir='ltr'><em>καὶ</em></span> <span class='ocrx_word' id='word_1_404' title='bbox 365 4321 425 4389; x_wconf 78' lang='grc' dir='ltr'><em>ἑξῆς</em></span> <span class='ocrx_word' id='word_1_405' title='bbox 440 4318 518 4376; x_wconf 85' lang='grc' dir='ltr'><em>οὑτω.</em></span> <span class='ocrx_word' id='word_1_406' title='bbox 548 4321 607 4376; x_wconf 80' lang='grc' dir='ltr'><em>ἔστι</em></span> <span class='ocrx_word' id='word_1_407' title='bbox 626 4322 658 4377; x_wconf 76' lang='grc' dir='ltr'><em>ὑὲ</em></span> <span class='ocrx_word' id='word_1_408' title='bbox 675 4316 851 4396; x_wconf 80' lang='grc' dir='ltr'><em>παραγώγως</em></span> <span class='ocrx_word' id='word_1_409' title='bbox 870 4320 933 4376; x_wconf 83' lang='grc' dir='ltr'><em>ἀντὶ</em></span> <span class='ocrx_word' id='word_1_410' title='bbox 951 4325 1000 4374; x_wconf 85' lang='grc' dir='ltr'><em>τοῦ</em></span> <span class='ocrx_word' id='word_1_411' title='bbox 1018 4320 1094 4392; x_wconf 77' lang='grc' dir='ltr'><em>ὑψικ.</em></span> 
     </span>
    </p>
   </div>
   <div class='ocr_carea' id='block_1_4' title="bbox 0 0 1436 4846">
    <p class='ocr_par' dir='ltr' id='par_1_6' title="bbox 0 0 1436 4846">
     <span class='ocr_line' id='line_1_44' title="bbox 0 0 1436 4846; baseline 0 1"><span class='ocrx_word' id='word_1_412' title='bbox 0 0 1436 4846; x_wconf 95' lang='lat' dir='ltr'><em> </em></span> 
     </span>
    </p>
   </div>
  </div>
 </body>
</html>
