<?xml version="1.0" encoding="UTF-8"?>
<!DOCTYPE html PUBLIC "-//W3C//DTD XHTML 1.0 Transitional//EN"
    "http://www.w3.org/TR/xhtml1/DTD/xhtml1-transitional.dtd">
<html xmlns="http://www.w3.org/1999/xhtml" xml:lang="en" lang="en">
 <head>
  <title>
</title>
<meta http-equiv="Content-Type" content="text/html;charset=utf-8" />
  <meta name='ocr-system' content='tesseract 3.04.00' />
  <meta name='ocr-capabilities' content='ocr_page ocr_carea ocr_par ocr_line ocrx_word'/>
</head>
<body>
  <div class='ocr_page' id='page_1' title='image "./heliodoricolome00theigoog_0094.png"; bbox 0 0 2864 4846; ppageno 0'>
   <div class='ocr_carea' id='block_1_1' title="bbox 548 272 1230 330">
    <p class='ocr_par' dir='ltr' id='par_1_1' title="bbox 548 272 1230 330">
     <span class='ocr_line' id='line_1_1' title="bbox 548 272 1230 330; baseline 0.006 -4"><span class='ocrx_word' id='word_1_1' title='bbox 548 272 655 327; x_wconf 80' lang='lat' dir='ltr'><strong>Scholia</strong></span> <span class='ocrx_word' id='word_1_2' title='bbox 673 273 703 328; x_wconf 88' lang='lat' dir='ltr'><strong><em>in</em></strong></span> <span class='ocrx_word' id='word_1_3' title='bbox 720 289 793 328; x_wconf 78' lang='lat' dir='ltr'><strong>aves.</strong></span> <span class='ocrx_word' id='word_1_4' title='bbox 1197 277 1230 330; x_wconf 89' lang='lat'><strong><em>81</em></strong></span> 
     </span>
    </p>
   </div>
   <div class='ocr_carea' id='block_1_2' title="bbox 36 421 1245 4162">
    <p class='ocr_par' dir='ltr' id='par_1_2' title="bbox 123 421 1237 1041">
     <span class='ocr_line' id='line_1_2' title="bbox 123 421 1235 520; baseline 0.003 -25"><span class='ocrx_word' id='word_1_5' title='bbox 123 453 244 516; x_wconf 86' lang='grc' dir='ltr'><strong><em>μετροι.</em></strong></span> <span class='ocrx_word' id='word_1_6' title='bbox 261 425 278 495; x_wconf 87' lang='grc' dir='ltr'>ὁ</span> <span class='ocrx_word' id='word_1_7' title='bbox 295 427 331 496; x_wconf 80' lang='grc' dir='ltr'><strong><em>δὲ</em></strong></span> <span class='ocrx_word' id='word_1_8' title='bbox 347 429 366 494; x_wconf 92' lang='grc' dir='ltr'><strong><em>δ</em></strong></span> <span class='ocrx_word' id='word_1_9' title='bbox 372 421 380 446; x_wconf 83' lang='grc'><em>’</em></span> <span class='ocrx_word' id='word_1_10' title='bbox 397 423 630 518; x_wconf 77' lang='grc' dir='ltr'><strong><em>ἓφθημιμερῆς.</em></strong></span> <span class='ocrx_word' id='word_1_11' title='bbox 650 425 668 496; x_wconf 86' lang='grc' dir='ltr'>ὁ</span> <span class='ocrx_word' id='word_1_12' title='bbox 685 423 830 516; x_wconf 75' lang='grc' dir='ltr'><strong><em>δεύτερος</em></strong></span> <span class='ocrx_word' id='word_1_13' title='bbox 842 428 1053 517; x_wconf 86' lang='grc' dir='ltr'><strong><em>χοριαμβικὸς</em></strong></span> <span class='ocrx_word' id='word_1_14' title='bbox 1068 429 1235 520; x_wconf 88' lang='grc' dir='ltr'><strong><em>τρίμετρος</em></strong></span> 
     </span>
     <span class='ocr_line' id='line_1_3' title="bbox 126 528 1234 621; baseline 0.002 -22"><span class='ocrx_word' id='word_1_15' title='bbox 126 530 371 621; x_wconf 84' lang='grc' dir='ltr'><strong><em>καταληκτικός,</em></strong></span> <span class='ocrx_word' id='word_1_16' title='bbox 393 531 449 600; x_wconf 85' lang='grc' dir='ltr'><strong><em>τὸν</em></strong></span> <span class='ocrx_word' id='word_1_17' title='bbox 472 536 603 619; x_wconf 82' lang='grc' dir='ltr'><strong><em>πρῶτον</em></strong></span> <span class='ocrx_word' id='word_1_18' title='bbox 624 529 703 614; x_wconf 71' lang='grc' dir='ltr'><strong><em>ἔχων</em></strong></span> <span class='ocrx_word' id='word_1_19' title='bbox 728 531 818 599; x_wconf 87' lang='grc' dir='ltr'><strong><em>πόδα</em></strong></span> <span class='ocrx_word' id='word_1_20' title='bbox 840 528 1109 619; x_wconf 79' lang='grc' dir='ltr'><strong><em>πεντασύλλαβον.</em></strong></span> <span class='ocrx_word' id='word_1_21' title='bbox 1142 535 1179 602; x_wconf 87' lang='grc' dir='ltr'><strong><em>τὸ</em></strong></span> <span class='ocrx_word' id='word_1_22' title='bbox 1201 548 1234 621; x_wconf 78' lang='grc' dir='ltr'><strong><em>χ’</em></strong></span> 
     </span>
     <span class='ocr_line' id='line_1_4' title="bbox 124 629 1237 728; baseline 0.004 -26"><span class='ocrx_word' id='word_1_23' title='bbox 124 636 294 726; x_wconf 85' lang='grc' dir='ltr'><strong><em>τροχαϊκὸν</em></strong></span> <span class='ocrx_word' id='word_1_24' title='bbox 323 636 570 726; x_wconf 72' lang='grc' dir='ltr'><strong><em>πενθημιμερές.</em></strong></span> <span class='ocrx_word' id='word_1_25' title='bbox 616 633 633 702; x_wconf 87' lang='grc' dir='ltr'>ὁ</span> <span class='ocrx_word' id='word_1_26' title='bbox 657 636 691 716; x_wconf 80' lang='grc' dir='ltr'><strong><em>ς’</em></strong></span> <span class='ocrx_word' id='word_1_27' title='bbox 712 629 849 716; x_wconf 83' lang='grc' dir='ltr'><strong><em>Ἰωνικὸς</em></strong></span> <span class='ocrx_word' id='word_1_28' title='bbox 877 637 1090 727; x_wconf 83' lang='grc' dir='ltr'><strong><em>τετράμετρος</em></strong></span> <span class='ocrx_word' id='word_1_29' title='bbox 1119 645 1237 728; x_wconf 76' lang='grc' dir='ltr'><strong><em>βραχι-</em></strong></span> 
     </span>
     <span class='ocr_line' id='line_1_5' title="bbox 126 731 1237 832; baseline 0.003 -25"><span class='ocrx_word' id='word_1_30' title='bbox 126 741 331 831; x_wconf 82' lang='grc' dir='ltr'><strong><em>κατάληκτος.</em></strong></span> <span class='ocrx_word' id='word_1_31' title='bbox 365 740 406 807; x_wconf 87' lang='grc' dir='ltr'><strong><em>τὰ</em></strong></span> <span class='ocrx_word' id='word_1_32' title='bbox 428 740 467 824; x_wconf 85' lang='grc' dir='ltr'><strong><em>ζ’,</em></strong></span> <span class='ocrx_word' id='word_1_33' title='bbox 493 731 541 807; x_wconf 84' lang='grc' dir='ltr'><strong><em>ια’</em></strong></span> <span class='ocrx_word' id='word_1_34' title='bbox 564 738 750 823; x_wconf 79' lang='grc' dir='ltr'><strong><em>δακτυλικοί,</em></strong></span> <span class='ocrx_word' id='word_1_35' title='bbox 779 741 818 807; x_wconf 89' lang='grc' dir='ltr'><strong><em>τδ</em></strong></span> <span class='ocrx_word' id='word_1_36' title='bbox 839 740 899 826; x_wconf 81' lang='grc' dir='ltr'><strong><em>μὲν</em></strong></span> <span class='ocrx_word' id='word_1_37' title='bbox 923 742 1177 832; x_wconf 76' lang='grc' dir='ltr'><strong><em>πενθημιμερές,</em></strong></span> <span class='ocrx_word' id='word_1_38' title='bbox 1199 744 1237 810; x_wconf 86' lang='grc' dir='ltr'><strong><em>τὸ</em></strong></span> 
     </span>
     <span class='ocr_line' id='line_1_6' title="bbox 126 839 1236 936; baseline 0.001 -24"><span class='ocrx_word' id='word_1_39' title='bbox 126 845 162 912; x_wconf 79' lang='grc' dir='ltr'><strong><em>δὲ</em></strong></span> <span class='ocrx_word' id='word_1_40' title='bbox 184 843 353 935; x_wconf 91' lang='grc' dir='ltr'><strong><em>τρίμετρον</em></strong></span> <span class='ocrx_word' id='word_1_41' title='bbox 376 844 607 936; x_wconf 78' lang='grc' dir='ltr'><strong><em>καταληκτικδν</em></strong></span> <span class='ocrx_word' id='word_1_42' title='bbox 631 842 679 924; x_wconf 88' lang='grc' dir='ltr'><strong><em>εἰς</em></strong></span> <span class='ocrx_word' id='word_1_43' title='bbox 700 843 919 929; x_wconf 81' lang='grc' dir='ltr'><strong><em>δισυλλαβίαν.</em></strong></span> <span class='ocrx_word' id='word_1_44' title='bbox 955 845 996 911; x_wconf 89' lang='grc' dir='ltr'><strong><em>τὰ</em></strong></span> <span class='ocrx_word' id='word_1_45' title='bbox 1018 845 1061 933; x_wconf 82' lang='grc' dir='ltr'><strong><em>η’,</em></strong></span> <span class='ocrx_word' id='word_1_46' title='bbox 1086 845 1133 932; x_wconf 87' lang='grc' dir='ltr'><strong><em>ιβ’</em></strong></span> <span class='ocrx_word' id='word_1_47' title='bbox 1157 839 1236 913; x_wconf 81' lang='grc' dir='ltr'><strong><em>οἰνα-</em></strong></span> 
     </span>
     <span class='ocr_line' id='line_1_7' title="bbox 126 945 1062 1041; baseline 0.001 -26"><span class='ocrx_word' id='word_1_48' title='bbox 126 949 285 1016; x_wconf 82' lang='grc' dir='ltr'><strong><em>παιστικδι</em></strong></span> <span class='ocrx_word' id='word_1_49' title='bbox 308 945 524 1039; x_wconf 74' lang='grc' dir='ltr'><strong><em>ἓφδημιμερῆ.</em></strong></span> <span class='ocrx_word' id='word_1_50' title='bbox 555 947 615 1016; x_wconf 78' lang='grc' dir='ltr'><strong><em>ἐπὶ</em></strong></span> <span class='ocrx_word' id='word_1_51' title='bbox 637 955 683 1038; x_wconf 76' lang='grc' dir='ltr'><strong><em>τῷ</em></strong></span> <span class='ocrx_word' id='word_1_52' title='bbox 704 950 790 1016; x_wconf 81' lang='grc' dir='ltr'><strong><em>τέλει</em></strong></span> <span class='ocrx_word' id='word_1_53' title='bbox 820 945 1062 1041; x_wconf 65' lang='grc' dir='ltr'><strong><em>παράχραφοςῆ</em></strong></span> 
     </span>
    </p>

    <p class='ocr_par' dir='ltr' id='par_1_3' title="bbox 121 1045 1241 2184">
     <span class='ocr_line' id='line_1_8' title="bbox 215 1045 1237 1142; baseline 0.001 -22"><span class='ocrx_word' id='word_1_54' title='bbox 215 1062 411 1121; x_wconf 72' lang='lat'>920—930.</span> <span class='ocrx_word' id='word_1_55' title='bbox 457 1053 575 1141; x_wconf 72' lang='grc' dir='ltr'><strong><em>ῆταοτί</em></strong></span> <span class='ocrx_word' id='word_1_56' title='bbox 599 1052 659 1121; x_wconf 77' lang='grc' dir='ltr'><strong><em>σέι</em></strong></span> <span class='ocrx_word' id='word_1_57' title='bbox 684 1045 852 1120; x_wconf 74' lang='grc' dir='ltr'><strong><em>Ἐντεῦθεν</em></strong></span> <span class='ocrx_word' id='word_1_58' title='bbox 873 1057 1048 1141; x_wconf 76' lang='grc' dir='ltr'><strong><em>διαιρεῖται</em></strong></span> <span class='ocrx_word' id='word_1_59' title='bbox 1069 1054 1110 1120; x_wconf 82' lang='grc' dir='ltr'><strong><em>τὰ</em></strong></span> <span class='ocrx_word' id='word_1_60' title='bbox 1133 1053 1237 1142; x_wconf 90' lang='grc' dir='ltr'><strong><em>πρόσ-</em></strong></span> 
     </span>
     <span class='ocr_line' id='line_1_9' title="bbox 127 1151 1239 1248; baseline 0.002 -24"><span class='ocrx_word' id='word_1_61' title='bbox 127 1183 204 1224; x_wconf 92' lang='grc' dir='ltr'><strong><em>ωπα</em></strong></span> <span class='ocrx_word' id='word_1_62' title='bbox 235 1157 282 1238; x_wconf 88' lang='grc' dir='ltr'><strong><em>εἰς</em></strong></span> <span class='ocrx_word' id='word_1_63' title='bbox 313 1158 551 1248; x_wconf 85' lang='grc' dir='ltr'><strong><em>σοστηματικὰς</em></strong></span> <span class='ocrx_word' id='word_1_64' title='bbox 586 1158 759 1246; x_wconf 76' lang='grc' dir='ltr'><strong><em>περιόδους</em></strong></span> <span class='ocrx_word' id='word_1_65' title='bbox 788 1151 966 1244; x_wconf 84' lang='grc' dir='ltr'><strong><em>οἰμοιβαίας</em></strong></span> <span class='ocrx_word' id='word_1_66' title='bbox 987 1154 1030 1248; x_wconf 90' lang='grc' dir='ltr'><strong><em>η’.</em></strong></span> <span class='ocrx_word' id='word_1_67' title='bbox 1072 1160 1128 1226; x_wconf 84' lang='grc' dir='ltr'><strong><em>καί</em></strong></span> <span class='ocrx_word' id='word_1_68' title='bbox 1151 1156 1239 1226; x_wconf 71' lang='grc' dir='ltr'><strong><em>ἔστιν</em></strong></span> 
     </span>
     <span class='ocr_line' id='line_1_10' title="bbox 126 1257 1238 1352; baseline 0.003 -25"><span class='ocrx_word' id='word_1_69' title='bbox 126 1257 145 1352; x_wconf 87' lang='grc' dir='ltr'><strong><em>ῆ</em></strong></span> <span class='ocrx_word' id='word_1_70' title='bbox 168 1262 279 1352; x_wconf 78' lang='grc' dir='ltr'><strong><em>πρώτη</em></strong></span> <span class='ocrx_word' id='word_1_71' title='bbox 300 1261 456 1350; x_wconf 78' lang='grc' dir='ltr'><strong><em>περίοδος</em></strong></span> <span class='ocrx_word' id='word_1_72' title='bbox 483 1259 599 1344; x_wconf 81' lang='grc' dir='ltr'><strong><em>στίχων</em></strong></span> <span class='ocrx_word' id='word_1_73' title='bbox 622 1260 782 1348; x_wconf 81' lang='grc' dir='ltr'><strong><em>ἰαμβικῶν</em></strong></span> <span class='ocrx_word' id='word_1_74' title='bbox 804 1263 981 1352; x_wconf 81' lang='grc' dir='ltr'><strong><em>τριμέτρων</em></strong></span> <span class='ocrx_word' id='word_1_75' title='bbox 1029 1258 1046 1329; x_wconf 83' lang='grc'><strong><em>’.</em></strong></span> <span class='ocrx_word' id='word_1_76' title='bbox 1070 1261 1089 1352; x_wconf 87' lang='grc' dir='ltr'><strong><em>ῆ</em></strong></span> <span class='ocrx_word' id='word_1_77' title='bbox 1108 1258 1144 1350; x_wconf 83' lang='grc' dir='ltr'><strong><em>β’</em></strong></span> <span class='ocrx_word' id='word_1_78' title='bbox 1167 1263 1238 1330; x_wconf 89' lang='grc' dir='ltr'><strong><em>στί-</em></strong></span> 
     </span>
     <span class='ocr_line' id='line_1_11' title="bbox 123 1357 1238 1456; baseline 0.001 -24"><span class='ocrx_word' id='word_1_79' title='bbox 123 1392 189 1450; x_wconf 88' lang='grc' dir='ltr'><strong><em>χιον</em></strong></span> <span class='ocrx_word' id='word_1_80' title='bbox 211 1367 268 1434; x_wconf 84' lang='grc' dir='ltr'><strong><em>καί</em></strong></span> <span class='ocrx_word' id='word_1_81' title='bbox 288 1367 398 1433; x_wconf 77' lang='grc' dir='ltr'><strong><em>κώλων</em></strong></span> <span class='ocrx_word' id='word_1_82' title='bbox 421 1362 460 1448; x_wconf 84' lang='grc' dir='ltr'><strong><em>ζ’.</em></strong></span> <span class='ocrx_word' id='word_1_83' title='bbox 486 1357 530 1431; x_wconf 84' lang='grc' dir='ltr'><strong><em>ὧν</em></strong></span> <span class='ocrx_word' id='word_1_84' title='bbox 546 1364 563 1432; x_wconf 86' lang='grc' dir='ltr'>ὁ</span> <span class='ocrx_word' id='word_1_85' title='bbox 580 1372 713 1454; x_wconf 77' lang='grc' dir='ltr'><strong><em>πρῶτος</em></strong></span> <span class='ocrx_word' id='word_1_86' title='bbox 727 1366 939 1454; x_wconf 89' lang='grc' dir='ltr'><strong><em>χοριαμβικὸς</em></strong></span> <span class='ocrx_word' id='word_1_87' title='bbox 961 1365 1130 1456; x_wconf 87' lang='grc' dir='ltr'><strong><em>τρίμετρος</em></strong></span> <span class='ocrx_word' id='word_1_88' title='bbox 1144 1394 1238 1433; x_wconf 92' lang='grc' dir='ltr'><strong><em>κατα-</em></strong></span> 
     </span>
     <span class='ocr_line' id='line_1_12' title="bbox 126 1454 1238 1560; baseline 0 -24"><span class='ocrx_word' id='word_1_89' title='bbox 126 1466 283 1558; x_wconf 85' lang='grc' dir='ltr'><strong><em>ληκτικός.</em></strong></span> <span class='ocrx_word' id='word_1_90' title='bbox 328 1470 367 1537; x_wconf 85' lang='grc' dir='ltr'><strong><em>τὸ</em></strong></span> <span class='ocrx_word' id='word_1_91' title='bbox 387 1466 422 1556; x_wconf 84' lang='grc' dir='ltr'><strong><em>β’</em></strong></span> <span class='ocrx_word' id='word_1_92' title='bbox 445 1466 558 1554; x_wconf 73' lang='grc' dir='ltr'><strong><em>ὅμοιον</em></strong></span> <span class='ocrx_word' id='word_1_93' title='bbox 578 1454 726 1558; x_wconf 81' lang='grc' dir='ltr'><strong><em>δίμετρσν</em></strong></span> <span class='ocrx_word' id='word_1_94' title='bbox 750 1464 983 1558; x_wconf 82' lang='grc' dir='ltr'><strong><em>οἰκατάληκτον,</em></strong></span> <span class='ocrx_word' id='word_1_95' title='bbox 1012 1471 1069 1538; x_wconf 92' lang='grc' dir='ltr'><strong><em>τδν</em></strong></span> <span class='ocrx_word' id='word_1_96' title='bbox 1092 1465 1238 1560; x_wconf 78' lang='grc' dir='ltr'><strong><em>δεύτερον</em></strong></span> 
     </span>
     <span class='ocr_line' id='line_1_13' title="bbox 127 1570 1241 1664; baseline 0.001 -25"><span class='ocrx_word' id='word_1_97' title='bbox 127 1570 206 1658; x_wconf 73' lang='grc' dir='ltr'><strong><em>έχων</em></strong></span> <span class='ocrx_word' id='word_1_98' title='bbox 230 1570 319 1642; x_wconf 90' lang='grc' dir='ltr'><strong><em>πόδα</em></strong></span> <span class='ocrx_word' id='word_1_99' title='bbox 343 1573 612 1658; x_wconf 81' lang='grc' dir='ltr'><strong><em>πεντασέλλαβον.</em></strong></span> <span class='ocrx_word' id='word_1_100' title='bbox 657 1573 694 1641; x_wconf 90' lang='grc' dir='ltr'><strong><em>τδ</em></strong></span> <span class='ocrx_word' id='word_1_101' title='bbox 725 1572 834 1661; x_wconf 90' lang='grc' dir='ltr'><strong><em>τρίτον</em></strong></span> <span class='ocrx_word' id='word_1_102' title='bbox 855 1572 1010 1663; x_wconf 81' lang='grc' dir='ltr'><strong><em>περίοδος</em></strong></span> <span class='ocrx_word' id='word_1_103' title='bbox 1031 1573 1067 1655; x_wconf 80' lang='grc' dir='ltr'><strong><em>ἒξ</em></strong></span> <span class='ocrx_word' id='word_1_104' title='bbox 1087 1572 1241 1664; x_wconf 75' lang='grc' dir='ltr'><strong><em>ἰαμβικῆς</em></strong></span> 
     </span>
     <span class='ocr_line' id='line_1_14' title="bbox 127 1670 1240 1768; baseline 0 -24"><span class='ocrx_word' id='word_1_105' title='bbox 127 1679 182 1744; x_wconf 81' lang='grc' dir='ltr'><strong><em>καὶ</em></strong></span> <span class='ocrx_word' id='word_1_106' title='bbox 203 1683 373 1768; x_wconf 87' lang='grc' dir='ltr'><strong><em>τροχαῖκῆς</em></strong></span> <span class='ocrx_word' id='word_1_107' title='bbox 398 1673 532 1765; x_wconf 88' lang='grc' dir='ltr'><strong><em>βάσεως.</em></strong></span> <span class='ocrx_word' id='word_1_108' title='bbox 576 1677 613 1743; x_wconf 86' lang='grc' dir='ltr'><strong><em>τὸ</em></strong></span> <span class='ocrx_word' id='word_1_109' title='bbox 638 1673 670 1744; x_wconf 85' lang='grc' dir='ltr'><strong><em>δ’</em></strong></span> <span class='ocrx_word' id='word_1_110' title='bbox 692 1670 905 1766; x_wconf 81' lang='grc' dir='ltr'><strong><em>οἰσονοίρτητον</em></strong></span> <span class='ocrx_word' id='word_1_111' title='bbox 933 1677 970 1758; x_wconf 78' lang='grc' dir='ltr'><strong><em>ἐξ</em></strong></span> <span class='ocrx_word' id='word_1_112' title='bbox 999 1670 1240 1768; x_wconf 83' lang='grc' dir='ltr'><strong><em>οἰναπαιστικῆς</em></strong></span> 
     </span>
     <span class='ocr_line' id='line_1_15' title="bbox 128 1778 1240 1872; baseline 0 -24"><span class='ocrx_word' id='word_1_113' title='bbox 128 1781 183 1848; x_wconf 86' lang='grc' dir='ltr'><strong><em>καί</em></strong></span> <span class='ocrx_word' id='word_1_114' title='bbox 206 1780 357 1872; x_wconf 75' lang='grc' dir='ltr'><strong><em>ἰαμβικῆς</em></strong></span> <span class='ocrx_word' id='word_1_115' title='bbox 384 1781 518 1868; x_wconf 85' lang='grc' dir='ltr'><strong><em>βοίσεως.</em></strong></span> <span class='ocrx_word' id='word_1_116' title='bbox 555 1781 593 1848; x_wconf 91' lang='grc' dir='ltr'><strong><em>τδ</em></strong></span> <span class='ocrx_word' id='word_1_117' title='bbox 614 1780 645 1848; x_wconf 84' lang='grc' dir='ltr'><strong><em>ε’</em></strong></span> <span class='ocrx_word' id='word_1_118' title='bbox 666 1782 816 1871; x_wconf 84' lang='grc' dir='ltr'><strong><em>τροχαϊκῆ</em></strong></span> <span class='ocrx_word' id='word_1_119' title='bbox 846 1778 945 1867; x_wconf 85' lang='grc' dir='ltr'><strong><em>βάσις</em></strong></span> <span class='ocrx_word' id='word_1_120' title='bbox 967 1778 1003 1849; x_wconf 75' lang='grc' dir='ltr'><strong><em>ἐκ</em></strong></span> <span class='ocrx_word' id='word_1_121' title='bbox 1023 1780 1164 1869; x_wconf 88' lang='grc' dir='ltr'><strong><em>χορείων.</em></strong></span> <span class='ocrx_word' id='word_1_122' title='bbox 1201 1781 1240 1848; x_wconf 89' lang='grc' dir='ltr'><strong><em>τὸ</em></strong></span> 
     </span>
     <span class='ocr_line' id='line_1_16' title="bbox 121 1879 1239 1975; baseline 0.001 -23"><span class='ocrx_word' id='word_1_123' title='bbox 121 1886 163 1966; x_wconf 82' lang='grc' dir='ltr'><strong><em>’ς’</em></strong></span> <span class='ocrx_word' id='word_1_124' title='bbox 189 1885 343 1972; x_wconf 78' lang='grc' dir='ltr'><strong><em>ἰαμβικὸν</em></strong></span> <span class='ocrx_word' id='word_1_125' title='bbox 365 1884 516 1973; x_wconf 88' lang='grc' dir='ltr'><strong><em>δίμετρσν</em></strong></span> <span class='ocrx_word' id='word_1_126' title='bbox 538 1885 853 1975; x_wconf 81' lang='grc' dir='ltr'><strong><em>βραχακατάληκτον,</em></strong></span> <span class='ocrx_word' id='word_1_127' title='bbox 882 1883 968 1952; x_wconf 81' lang='grc' dir='ltr'><strong><em>εἰδὲ</em></strong></span> <span class='ocrx_word' id='word_1_128' title='bbox 990 1882 1115 1971; x_wconf 75' lang='grc' dir='ltr'><strong><em>βούλει,</em></strong></span> <span class='ocrx_word' id='word_1_129' title='bbox 1143 1879 1239 1953; x_wconf 76' lang='grc' dir='ltr'><strong><em>Ἰωνι-</em></strong></span> 
     </span>
     <span class='ocr_line' id='line_1_17' title="bbox 129 1974 1239 2080; baseline -0.002 -24"><span class='ocrx_word' id='word_1_130' title='bbox 129 1990 185 2058; x_wconf 88' lang='grc' dir='ltr'><strong><em>κδν</em></strong></span> <span class='ocrx_word' id='word_1_131' title='bbox 206 1986 436 2080; x_wconf 74' lang='grc' dir='ltr'><strong><em>ἓωδημιμερές.</em></strong></span> <span class='ocrx_word' id='word_1_132' title='bbox 464 1989 502 2056; x_wconf 88' lang='grc' dir='ltr'><strong><em>τὸ</em></strong></span> <span class='ocrx_word' id='word_1_133' title='bbox 524 1988 555 2070; x_wconf 84' lang='grc' dir='ltr'><strong><em>ζ’</em></strong></span> <span class='ocrx_word' id='word_1_134' title='bbox 574 1987 712 2056; x_wconf 86' lang='grc' dir='ltr'><strong><em>Ἰωνικὸν</em></strong></span> <span class='ocrx_word' id='word_1_135' title='bbox 739 1974 888 2077; x_wconf 85' lang='grc' dir='ltr'><strong><em>δίμετρσν</em></strong></span> <span class='ocrx_word' id='word_1_136' title='bbox 911 1983 1141 2079; x_wconf 81' lang='grc' dir='ltr'><strong><em>οίκατιίληκτον.</em></strong></span> <span class='ocrx_word' id='word_1_137' title='bbox 1185 1983 1239 2076; x_wconf 75' lang='grc' dir='ltr'><strong><em>ὑφ’</em></strong></span> 
     </span>
     <span class='ocr_line' id='line_1_18' title="bbox 129 2086 416 2184; baseline -0.003 -22"><span class='ocrx_word' id='word_1_138' title='bbox 129 2086 147 2162; x_wconf 80' lang='grc' dir='ltr'><strong><em>δ</em></strong></span> <span class='ocrx_word' id='word_1_139' title='bbox 171 2093 416 2184; x_wconf 66' lang='grc' dir='ltr'><strong><em>παράχροφοςῆ]</em></strong></span> 
     </span>
    </p>

    <p class='ocr_par' dir='ltr' id='par_1_4' title="bbox 130 2194 1241 2499">
     <span class='ocr_line' id='line_1_19' title="bbox 218 2194 1241 2300; baseline -0.004 -34"><span class='ocrx_word' id='word_1_140' title='bbox 218 2209 278 2266; x_wconf 86' lang='grc'><strong><em>931</em></strong></span> <span class='ocrx_word' id='word_1_141' title='bbox 289 2242 329 2249; x_wconf 94' lang='grc'><strong><em>--</em></strong></span> <span class='ocrx_word' id='word_1_142' title='bbox 342 2208 413 2266; x_wconf 87' lang='grc'><strong>935.</strong></span> <span class='ocrx_word' id='word_1_143' title='bbox 462 2197 577 2300; x_wconf 73' lang='grc' dir='ltr'><strong><em>ητοντί</em></strong></span> <span class='ocrx_word' id='word_1_144' title='bbox 599 2197 735 2284; x_wconf 80' lang='grc' dir='ltr'><strong><em>παρέξει</em></strong></span> <span class='ocrx_word' id='word_1_145' title='bbox 752 2221 760 2264; x_wconf 88' lang='lat'>:</span> <span class='ocrx_word' id='word_1_146' title='bbox 779 2195 826 2262; x_wconf 88' lang='lat' dir='ltr'><strong><em>‘H</em></strong></span> <span class='ocrx_word' id='word_1_147' title='bbox 836 2195 927 2286; x_wconf 86' lang='grc' dir='ltr'><strong><em>τρίτη</em></strong></span> <span class='ocrx_word' id='word_1_148' title='bbox 950 2195 1104 2286; x_wconf 84' lang='grc' dir='ltr'><strong><em>περίοδος</em></strong></span> <span class='ocrx_word' id='word_1_149' title='bbox 1123 2194 1241 2279; x_wconf 83' lang='grc' dir='ltr'><strong><em>στίχων</em></strong></span> 
     </span>
     <span class='ocr_line' id='line_1_20' title="bbox 130 2294 1241 2391; baseline -0.002 -22"><span class='ocrx_word' id='word_1_150' title='bbox 130 2302 218 2369; x_wconf 77' lang='grc' dir='ltr'><strong><em>ἐστὶν</em></strong></span> <span class='ocrx_word' id='word_1_151' title='bbox 241 2302 402 2388; x_wconf 79' lang='grc' dir='ltr'><strong><em>ἰαμβικιῦν</em></strong></span> <span class='ocrx_word' id='word_1_152' title='bbox 430 2300 607 2389; x_wconf 82' lang='grc' dir='ltr'><strong><em>τριμέτρων</em></strong></span> <span class='ocrx_word' id='word_1_153' title='bbox 629 2294 857 2391; x_wconf 81' lang='grc' dir='ltr'><strong><em>οἰκαταλῆκτων</em></strong></span> <span class='ocrx_word' id='word_1_154' title='bbox 877 2300 982 2368; x_wconf 81' lang='grc' dir='ltr'><strong><em>πέντε.</em></strong></span> <span class='ocrx_word' id='word_1_155' title='bbox 1007 2300 1066 2367; x_wconf 79' lang='grc' dir='ltr'><strong><em>ἐπὶ</em></strong></span> <span class='ocrx_word' id='word_1_156' title='bbox 1089 2306 1136 2388; x_wconf 76' lang='grc' dir='ltr'><strong><em>τῷ</em></strong></span> <span class='ocrx_word' id='word_1_157' title='bbox 1156 2303 1241 2368; x_wconf 82' lang='grc' dir='ltr'><strong><em>τέλει</em></strong></span> 
     </span>
     <span class='ocr_line' id='line_1_21' title="bbox 130 2403 376 2499; baseline 0.008 -27"><span class='ocrx_word' id='word_1_158' title='bbox 130 2403 376 2499; x_wconf 65' lang='grc' dir='ltr'><strong><em>παράχροφοςῆ</em></strong></span> 
     </span>
    </p>

    <p class='ocr_par' dir='ltr' id='par_1_5' title="bbox 36 2502 1244 3746">
     <span class='ocr_line' id='line_1_22' title="bbox 218 2502 1242 2601; baseline -0.003 -22"><span class='ocrx_word' id='word_1_159' title='bbox 218 2519 415 2579; x_wconf 84' lang='grc'><strong>936-945.</strong></span> <span class='ocrx_word' id='word_1_160' title='bbox 472 2506 572 2601; x_wconf 86' lang='grc' dir='ltr'><strong><em>[[τόδε</em></strong></span> <span class='ocrx_word' id='word_1_161' title='bbox 602 2508 660 2594; x_wconf 78' lang='grc' dir='ltr'><strong><em>μὲν</em></strong></span> <span class='ocrx_word' id='word_1_162' title='bbox 689 2502 747 2576; x_wconf 81' lang='grc' dir='ltr'><strong><em>οἰκ</em></strong></span> <span class='ocrx_word' id='word_1_163' title='bbox 775 2507 938 2576; x_wconf 74' lang='grc' dir='ltr'><strong><em>α’έκοοσαε</em></strong></span> <span class='ocrx_word' id='word_1_164' title='bbox 964 2507 1011 2573; x_wconf 89' lang='lat' dir='ltr'><strong><em>‘H</em></strong></span> <span class='ocrx_word' id='word_1_165' title='bbox 1030 2509 1065 2576; x_wconf 82' lang='grc' dir='ltr'><strong><em>δ’</em></strong></span> <span class='ocrx_word' id='word_1_166' title='bbox 1087 2509 1242 2597; x_wconf 86' lang='grc' dir='ltr'><strong><em>περίοδος</em></strong></span> 
     </span>
     <span class='ocr_line' id='line_1_23' title="bbox 130 2613 1241 2704; baseline -0.002 -22"><span class='ocrx_word' id='word_1_167' title='bbox 130 2615 240 2683; x_wconf 84' lang='grc' dir='ltr'><strong><em>κοίλων</em></strong></span> <span class='ocrx_word' id='word_1_168' title='bbox 262 2615 333 2682; x_wconf 78' lang='grc' dir='ltr'><strong><em>ἐστὶ</em></strong></span> <span class='ocrx_word' id='word_1_169' title='bbox 355 2619 544 2682; x_wconf 81' lang='grc' dir='ltr'><strong><em>παιωνικῶν</em></strong></span> <span class='ocrx_word' id='word_1_170' title='bbox 563 2614 766 2700; x_wconf 78' lang='grc' dir='ltr'><strong><em>μεμιγμένων</em></strong></span> <span class='ocrx_word' id='word_1_171' title='bbox 788 2618 951 2704; x_wconf 83' lang='grc' dir='ltr'><strong><em>κρητικοῖς</em></strong></span> <span class='ocrx_word' id='word_1_172' title='bbox 974 2613 1032 2679; x_wconf 83' lang='grc' dir='ltr'><strong><em>καὶ</em></strong></span> <span class='ocrx_word' id='word_1_173' title='bbox 1052 2616 1241 2698; x_wconf 80' lang='grc' dir='ltr'><strong><em>παλιμβακ·</em></strong></span> 
     </span>
     <span class='ocr_line' id='line_1_24' title="bbox 128 2711 1243 2807; baseline -0.001 -22"><span class='ocrx_word' id='word_1_174' title='bbox 128 2718 231 2802; x_wconf 84' lang='grc' dir='ltr'><strong><em>χείοις</em></strong></span> <span class='ocrx_word' id='word_1_175' title='bbox 256 2715 428 2807; x_wconf 81' lang='grc' dir='ltr'><strong><em>τεσσάρων.</em></strong></span> <span class='ocrx_word' id='word_1_176' title='bbox 471 2711 513 2784; x_wconf 82' lang='grc' dir='ltr'><strong><em>ὧν</em></strong></span> <span class='ocrx_word' id='word_1_177' title='bbox 539 2719 577 2785; x_wconf 91' lang='grc' dir='ltr'><strong><em>τδ</em></strong></span> <span class='ocrx_word' id='word_1_178' title='bbox 607 2715 641 2783; x_wconf 83' lang='grc' dir='ltr'><strong><em>α’</em></strong></span> <span class='ocrx_word' id='word_1_179' title='bbox 664 2715 835 2805; x_wconf 86' lang='grc' dir='ltr'><strong><em>τρίμετρον</em></strong></span> <span class='ocrx_word' id='word_1_180' title='bbox 863 2715 1104 2805; x_wconf 82' lang='grc' dir='ltr'><strong><em>καταληκτικόν.</em></strong></span> <span class='ocrx_word' id='word_1_181' title='bbox 1145 2718 1183 2785; x_wconf 92' lang='grc' dir='ltr'><strong><em>τδ</em></strong></span> <span class='ocrx_word' id='word_1_182' title='bbox 1206 2717 1243 2803; x_wconf 78' lang='grc' dir='ltr'><strong><em>β’</em></strong></span> 
     </span>
     <span class='ocr_line' id='line_1_25' title="bbox 36 2818 1240 2912; baseline 0 -23"><span class='ocrx_word' id='word_1_183' title='bbox 36 2869 39 2877; x_wconf 85' lang='lat'><em>-</em></span> <span class='ocrx_word' id='word_1_184' title='bbox 130 2823 298 2912; x_wconf 86' lang='grc' dir='ltr'><strong><em>τρίμετρον</em></strong></span> <span class='ocrx_word' id='word_1_185' title='bbox 318 2818 631 2912; x_wconf 83' lang='grc' dir='ltr'><strong><em>βραχοκατοίληκτον,</em></strong></span> <span class='ocrx_word' id='word_1_186' title='bbox 653 2829 710 2890; x_wconf 76' lang='grc' dir='ltr'><strong><em>τοῖν</em></strong></span> <span class='ocrx_word' id='word_1_187' title='bbox 732 2822 767 2906; x_wconf 80' lang='grc' dir='ltr'><strong><em>β’</em></strong></span> <span class='ocrx_word' id='word_1_188' title='bbox 790 2821 894 2900; x_wconf 88' lang='grc' dir='ltr'><strong><em>ποδὸς</em></strong></span> <span class='ocrx_word' id='word_1_189' title='bbox 909 2818 1176 2905; x_wconf 80' lang='grc' dir='ltr'><strong><em>παλιμβακχείοο.</em></strong></span> <span class='ocrx_word' id='word_1_190' title='bbox 1202 2822 1240 2889; x_wconf 88' lang='grc' dir='ltr'><strong><em>τδ</em></strong></span> 
     </span>
     <span class='ocr_line' id='line_1_26' title="bbox 131 2921 1242 3016; baseline -0.001 -23"><span class='ocrx_word' id='word_1_191' title='bbox 131 2926 240 3016; x_wconf 91' lang='grc' dir='ltr'><strong><em>τρίτον</em></strong></span> <span class='ocrx_word' id='word_1_192' title='bbox 262 2925 413 3014; x_wconf 88' lang='grc' dir='ltr'><strong><em>δίμετρσν</em></strong></span> <span class='ocrx_word' id='word_1_193' title='bbox 429 2924 649 3014; x_wconf 82' lang='grc' dir='ltr'><strong><em>ἀκατάληκτον</em></strong></span> <span class='ocrx_word' id='word_1_194' title='bbox 671 2925 726 2993; x_wconf 81' lang='grc' dir='ltr'><strong><em>διδ</em></strong></span> <span class='ocrx_word' id='word_1_195' title='bbox 749 2926 805 3015; x_wconf 89' lang='grc' dir='ltr'><strong><em>τῆν</em></strong></span> <span class='ocrx_word' id='word_1_196' title='bbox 825 2922 1013 3014; x_wconf 78' lang='grc' dir='ltr'><strong><em>ἀδιάφορον.</em></strong></span> <span class='ocrx_word' id='word_1_197' title='bbox 1053 2921 1087 2990; x_wconf 76' lang='grc' dir='ltr'><strong><em>ἓν</em></strong></span> <span class='ocrx_word' id='word_1_198' title='bbox 1109 2923 1242 2992; x_wconf 75' lang='grc' dir='ltr'><strong><em>ἐκθέσει</em></strong></span> 
     </span>
     <span class='ocr_line' id='line_1_27' title="bbox 132 3026 1242 3119; baseline -0.003 -20"><span class='ocrx_word' id='word_1_199' title='bbox 132 3033 168 3099; x_wconf 83' lang='grc' dir='ltr'><strong><em>δέ</em></strong></span> <span class='ocrx_word' id='word_1_200' title='bbox 202 3029 312 3114; x_wconf 89' lang='grc' dir='ltr'><strong><em>στίχος</em></strong></span> <span class='ocrx_word' id='word_1_201' title='bbox 343 3029 495 3116; x_wconf 83' lang='grc' dir='ltr'><strong><em>ἰαμβικὸς</em></strong></span> <span class='ocrx_word' id='word_1_202' title='bbox 525 3028 693 3118; x_wconf 81' lang='grc' dir='ltr'><strong><em>τρίμετρος</em></strong></span> <span class='ocrx_word' id='word_1_203' title='bbox 721 3026 947 3119; x_wconf 81' lang='grc' dir='ltr'><strong><em>ἀκατάληκτος.</em></strong></span> <span class='ocrx_word' id='word_1_204' title='bbox 992 3028 1051 3096; x_wconf 76' lang='grc' dir='ltr'><strong><em>ἐπὶ</em></strong></span> <span class='ocrx_word' id='word_1_205' title='bbox 1085 3036 1132 3118; x_wconf 78' lang='grc' dir='ltr'><strong><em>τῷ</em></strong></span> <span class='ocrx_word' id='word_1_206' title='bbox 1157 3029 1242 3097; x_wconf 81' lang='grc' dir='ltr'><strong><em>τέλει</em></strong></span> 
     </span>
     <span class='ocr_line' id='line_1_28' title="bbox 133 3131 1244 3225; baseline -0.003 -23"><span class='ocrx_word' id='word_1_207' title='bbox 133 3137 354 3225; x_wconf 78' lang='grc' dir='ltr'><strong><em>παράχραφος.</em></strong></span> <span class='ocrx_word' id='word_1_208' title='bbox 402 3132 473 3224; x_wconf 71' lang='grc' dir='ltr'><strong><em>ἑξῆς</em></strong></span> <span class='ocrx_word' id='word_1_209' title='bbox 499 3137 518 3201; x_wconf 93' lang='grc' dir='ltr'><strong><em>δ</em></strong></span> <span class='ocrx_word' id='word_1_210' title='bbox 524 3136 532 3158; x_wconf 86' lang='lat'>‘</span> <span class='ocrx_word' id='word_1_211' title='bbox 554 3133 573 3224; x_wconf 88' lang='grc' dir='ltr'><strong><em>ῆ</em></strong></span> <span class='ocrx_word' id='word_1_212' title='bbox 597 3134 626 3200; x_wconf 91' lang='grc' dir='ltr'><strong><em>ε’</em></strong></span> <span class='ocrx_word' id='word_1_213' title='bbox 648 3131 805 3221; x_wconf 79' lang='grc' dir='ltr'><strong><em>περίοδος</em></strong></span> <span class='ocrx_word' id='word_1_214' title='bbox 830 3133 939 3200; x_wconf 79' lang='grc' dir='ltr'><strong><em>κώλων</em></strong></span> <span class='ocrx_word' id='word_1_215' title='bbox 977 3133 1244 3200; x_wconf 80' lang='grc' dir='ltr'><strong><em>1οἰναπαιστικῶν</em></strong></span> 
     </span>
     <span class='ocr_line' id='line_1_29' title="bbox 133 3233 1244 3333; baseline -0.002 -27"><span class='ocrx_word' id='word_1_216' title='bbox 133 3241 238 3307; x_wconf 89' lang='grc' dir='ltr'><strong><em>πέντε.</em></strong></span> <span class='ocrx_word' id='word_1_217' title='bbox 287 3233 331 3307; x_wconf 81' lang='grc' dir='ltr'><strong><em>ὧν</em></strong></span> <span class='ocrx_word' id='word_1_218' title='bbox 353 3239 391 3307; x_wconf 88' lang='grc' dir='ltr'><strong><em>τδ</em></strong></span> <span class='ocrx_word' id='word_1_219' title='bbox 414 3245 544 3328; x_wconf 82' lang='grc' dir='ltr'><strong><em>πρῶτον</em></strong></span> <span class='ocrx_word' id='word_1_220' title='bbox 574 3236 725 3325; x_wconf 89' lang='grc' dir='ltr'><strong><em>δίμετρσν</em></strong></span> <span class='ocrx_word' id='word_1_221' title='bbox 755 3239 1002 3333; x_wconf 82' lang='grc' dir='ltr'><strong><em>καταληκτικόν,</em></strong></span> <span class='ocrx_word' id='word_1_222' title='bbox 1031 3242 1086 3331; x_wconf 81' lang='grc' dir='ltr'><strong><em>τοῦ</em></strong></span> <span class='ocrx_word' id='word_1_223' title='bbox 1113 3239 1244 3326; x_wconf 80' lang='grc' dir='ltr'><strong><em>πρώτου</em></strong></span> 
     </span>
     <span class='ocr_line' id='line_1_30' title="bbox 132 3337 1244 3431; baseline -0.001 -21"><span class='ocrx_word' id='word_1_224' title='bbox 132 3346 237 3424; x_wconf 87' lang='grc' dir='ltr'><strong><em>ποδὸς</em></strong></span> <span class='ocrx_word' id='word_1_225' title='bbox 252 3339 525 3429; x_wconf 81' lang='grc' dir='ltr'><strong><em>πεντασολλοίβοα.</em></strong></span> <span class='ocrx_word' id='word_1_226' title='bbox 549 3343 586 3410; x_wconf 85' lang='grc' dir='ltr'><strong><em>τὸ</em></strong></span> <span class='ocrx_word' id='word_1_227' title='bbox 603 3348 626 3428; x_wconf 92' lang='grc' dir='ltr'><strong><em>β</em></strong></span> <span class='ocrx_word' id='word_1_228' title='bbox 632 3337 640 3362; x_wconf 83' lang='grc'><em>’</em></span> <span class='ocrx_word' id='word_1_229' title='bbox 656 3342 906 3431; x_wconf 61' lang='grc' dir='ltr'><strong><em>πενθημιμερές,</em></strong></span> <span class='ocrx_word' id='word_1_230' title='bbox 922 3337 941 3408; x_wconf 78' lang='grc' dir='ltr'>ὃ</span> <span class='ocrx_word' id='word_1_231' title='bbox 956 3343 1101 3408; x_wconf 85' lang='grc' dir='ltr'><strong><em>καλεῖται</em></strong></span> <span class='ocrx_word' id='word_1_232' title='bbox 1113 3345 1244 3427; x_wconf 83' lang='grc' dir='ltr'><strong><em>δοχμαῖ-</em></strong></span> 
     </span>
     <span class='ocr_line' id='line_1_31' title="bbox 134 3441 1244 3536; baseline -0.002 -23"><span class='ocrx_word' id='word_1_233' title='bbox 134 3444 198 3516; x_wconf 87' lang='grc' dir='ltr'><strong><em>κόν.</em></strong></span> <span class='ocrx_word' id='word_1_234' title='bbox 230 3448 268 3515; x_wconf 86' lang='grc' dir='ltr'><strong><em>τὸ</em></strong></span> <span class='ocrx_word' id='word_1_235' title='bbox 286 3446 395 3536; x_wconf 84' lang='grc' dir='ltr'><strong><em>τρίτον</em></strong></span> <span class='ocrx_word' id='word_1_236' title='bbox 414 3447 556 3514; x_wconf 83' lang='grc' dir='ltr'><strong><em>Ἰωνικὸν</em></strong></span> <span class='ocrx_word' id='word_1_237' title='bbox 576 3444 746 3535; x_wconf 87' lang='grc' dir='ltr'><strong><em>τρίμετρον</em></strong></span> <span class='ocrx_word' id='word_1_238' title='bbox 769 3446 1005 3534; x_wconf 79' lang='grc' dir='ltr'><strong><em>ἅκατοίληκτον,</em></strong></span> <span class='ocrx_word' id='word_1_239' title='bbox 1035 3449 1092 3512; x_wconf 77' lang='grc' dir='ltr'><strong><em>τοῦ</em></strong></span> <span class='ocrx_word' id='word_1_240' title='bbox 1114 3441 1244 3534; x_wconf 84' lang='grc' dir='ltr'><strong><em>πρώτου</em></strong></span> 
     </span>
     <span class='ocr_line' id='line_1_32' title="bbox 134 3546 1243 3638; baseline -0.004 -21"><span class='ocrx_word' id='word_1_241' title='bbox 134 3553 239 3631; x_wconf 87' lang='grc' dir='ltr'><strong><em>ποδὸς</em></strong></span> <span class='ocrx_word' id='word_1_242' title='bbox 260 3551 529 3638; x_wconf 80' lang='grc' dir='ltr'><strong><em>πειτασαλλοίβοο.</em></strong></span> <span class='ocrx_word' id='word_1_243' title='bbox 565 3551 603 3618; x_wconf 90' lang='grc' dir='ltr'><strong><em>τὸ</em></strong></span> <span class='ocrx_word' id='word_1_244' title='bbox 628 3546 659 3617; x_wconf 83' lang='grc' dir='ltr'><strong><em>δ’</em></strong></span> <span class='ocrx_word' id='word_1_245' title='bbox 683 3548 803 3635; x_wconf 82' lang='grc' dir='ltr'><strong><em>ὅμοιον.</em></strong></span> <span class='ocrx_word' id='word_1_246' title='bbox 840 3550 878 3616; x_wconf 85' lang='grc' dir='ltr'><strong><em>τὸ</em></strong></span> <span class='ocrx_word' id='word_1_247' title='bbox 901 3551 930 3614; x_wconf 90' lang='grc' dir='ltr'><strong><em>ε’</em></strong></span> <span class='ocrx_word' id='word_1_248' title='bbox 954 3548 1105 3638; x_wconf 90' lang='grc' dir='ltr'><strong><em>δίμετρσν</em></strong></span> <span class='ocrx_word' id='word_1_249' title='bbox 1126 3556 1243 3637; x_wconf 79' lang='grc' dir='ltr'><strong><em>βραχε-</em></strong></span> 
     </span>
     <span class='ocr_line' id='line_1_33' title="bbox 134 3648 1073 3746; baseline -0.002 -25"><span class='ocrx_word' id='word_1_250' title='bbox 134 3657 333 3745; x_wconf 79' lang='grc' dir='ltr'><strong><em>κατοὲληκτον</em></strong></span> <span class='ocrx_word' id='word_1_251' title='bbox 352 3655 542 3724; x_wconf 89' lang='grc' dir='ltr'><strong><em>παιωνικόν.</em></strong></span> <span class='ocrx_word' id='word_1_252' title='bbox 571 3654 630 3721; x_wconf 83' lang='grc' dir='ltr'><strong><em>ε’πί</em></strong></span> <span class='ocrx_word' id='word_1_253' title='bbox 651 3660 700 3742; x_wconf 77' lang='grc' dir='ltr'><strong><em>τῷ</em></strong></span> <span class='ocrx_word' id='word_1_254' title='bbox 722 3654 808 3721; x_wconf 80' lang='grc' dir='ltr'><strong><em>τέλει</em></strong></span> <span class='ocrx_word' id='word_1_255' title='bbox 829 3648 1073 3746; x_wconf 64' lang='grc' dir='ltr'><strong><em>παράχροηνοςῆ]</em></strong></span> 
     </span>
    </p>

    <p class='ocr_par' dir='ltr' id='par_1_6' title="bbox 134 3753 1245 3954">
     <span class='ocr_line' id='line_1_34' title="bbox 222 3753 1245 3848; baseline -0.006 -21"><span class='ocrx_word' id='word_1_256' title='bbox 222 3769 420 3828; x_wconf 83' lang='grc'><strong><em>946-953,</em></strong></span> <span class='ocrx_word' id='word_1_257' title='bbox 468 3753 613 3848; x_wconf 73' lang='grc' dir='ltr'><strong><em>[[ξονίηιί</em></strong></span> <span class='ocrx_word' id='word_1_258' title='bbox 645 3757 696 3826; x_wconf 84' lang='grc' dir='ltr'><strong><em>ὅτι</em></strong></span> <span class='ocrx_word' id='word_1_259' title='bbox 724 3759 835 3844; x_wconf 83' lang='grc' dir='ltr'><strong><em>βούλει</em></strong></span> <span class='ocrx_word' id='word_1_260' title='bbox 852 3783 873 3826; x_wconf 71' lang='grc' dir='ltr'><strong><em>,ι</em></strong></span> <span class='ocrx_word' id='word_1_261' title='bbox 906 3756 957 3822; x_wconf 85' lang='grc' dir='ltr'><em>Ἥ</em></span> <span class='ocrx_word' id='word_1_262' title='bbox 986 3756 1061 3847; x_wconf 74' lang='grc' dir='ltr'><strong><em>ἕκτη</em></strong></span> <span class='ocrx_word' id='word_1_263' title='bbox 1091 3754 1245 3843; x_wconf 86' lang='grc' dir='ltr'><strong><em>περίοδος</em></strong></span> 
     </span>
     <span class='ocr_line' id='line_1_35' title="bbox 134 3854 1017 3954; baseline -0.002 -24"><span class='ocrx_word' id='word_1_264' title='bbox 134 3863 276 3954; x_wconf 88' lang='grc' dir='ltr'><strong><em>ῆνωμένη</em></strong></span> <span class='ocrx_word' id='word_1_265' title='bbox 305 3858 386 3932; x_wconf 80' lang='grc' dir='ltr'><strong><em>οὖσα</em></strong></span> <span class='ocrx_word' id='word_1_266' title='bbox 416 3861 527 3931; x_wconf 81' lang='grc' dir='ltr'><strong><em>κοίλων</em></strong></span> <span class='ocrx_word' id='word_1_267' title='bbox 546 3863 614 3929; x_wconf 86' lang='grc' dir='ltr'><strong><em>’καί</em></strong></span> <span class='ocrx_word' id='word_1_268' title='bbox 645 3861 762 3944; x_wconf 83' lang='grc' dir='ltr'><strong><em>στίχων</em></strong></span> <span class='ocrx_word' id='word_1_269' title='bbox 1003 3854 1017 3864; x_wconf 52' lang='grc'>’</span> 
     </span>
    </p>

    <p class='ocr_par' dir='ltr' id='par_1_7' title="bbox 51 3958 1245 4162">
     <span class='ocr_line' id='line_1_36' title="bbox 51 3958 1245 4056; baseline -0.004 -24"><span class='ocrx_word' id='word_1_270' title='bbox 51 4027 54 4032; x_wconf 91' lang='grc'>.</span> <span class='ocrx_word' id='word_1_271' title='bbox 136 3967 290 4056; x_wconf 88' lang='grc' dir='ltr'><strong><em>τέσσαρες</em></strong></span> <span class='ocrx_word' id='word_1_272' title='bbox 311 3964 649 4056; x_wconf 83' lang='grc' dir='ltr'><strong><em>ἰαμβικοί,τρίμετροι</em></strong></span> <span class='ocrx_word' id='word_1_273' title='bbox 672 3958 896 4053; x_wconf 79' lang='grc' dir='ltr'><strong><em>οἰκατιίληκτοι.</em></strong></span> <span class='ocrx_word' id='word_1_274' title='bbox 941 3961 1019 4048; x_wconf 87' lang='grc' dir='ltr'><strong><em>μίαν</em></strong></span> <span class='ocrx_word' id='word_1_275' title='bbox 1046 3963 1105 4051; x_wconf 81' lang='grc' dir='ltr'><strong><em>χδιρ</em></strong></span> <span class='ocrx_word' id='word_1_276' title='bbox 1126 3963 1167 4029; x_wconf 84' lang='grc' dir='ltr'><strong><em>τὰ</em></strong></span> <span class='ocrx_word' id='word_1_277' title='bbox 1188 3962 1245 4028; x_wconf 79' lang='grc' dir='ltr'><strong><em>δύο</em></strong></span> 
     </span>
     <span class='ocr_line' id='line_1_37' title="bbox 137 4067 1244 4162; baseline -0.005 -26"><span class='ocrx_word' id='word_1_278' title='bbox 137 4067 302 4160; x_wconf 88' lang='grc' dir='ltr'><strong><em>πρόσωπα</em></strong></span> <span class='ocrx_word' id='word_1_279' title='bbox 324 4073 381 4162; x_wconf 85' lang='grc' dir='ltr'><strong><em>τῆν</em></strong></span> <span class='ocrx_word' id='word_1_280' title='bbox 399 4072 548 4161; x_wconf 78' lang='grc' dir='ltr'><strong><em>τοιαύτην</em></strong></span> <span class='ocrx_word' id='word_1_281' title='bbox 571 4077 663 4137; x_wconf 85' lang='grc' dir='ltr'><strong><em>ποιεῖ</em></strong></span> <span class='ocrx_word' id='word_1_282' title='bbox 685 4069 845 4159; x_wconf 87' lang='grc' dir='ltr'><strong><em>περίοδον.</em></strong></span> <span class='ocrx_word' id='word_1_283' title='bbox 880 4068 979 4135; x_wconf 80' lang='grc' dir='ltr'><strong><em>τὰδὲ</em></strong></span> <span class='ocrx_word' id='word_1_284' title='bbox 1010 4067 1081 4157; x_wconf 73' lang='grc' dir='ltr'><strong><em>ἑξῆς</em></strong></span> <span class='ocrx_word' id='word_1_285' title='bbox 1102 4069 1244 4152; x_wconf 84' lang='grc' dir='ltr'><strong><em>τέσσαρα</em></strong></span> 
     </span>
    </p>
   </div>
   <div class='ocr_carea' id='block_1_3' title="bbox 180 4303 804 4463">
    <p class='ocr_par' dir='ltr' id='par_1_8' title="bbox 180 4303 804 4463">
     <span class='ocr_line' id='line_1_38' title="bbox 224 4303 581 4358; baseline 0.003 -2"><span class='ocrx_word' id='word_1_286' title='bbox 224 4304 239 4356; x_wconf 94' lang='grc'>1</span> <span class='ocrx_word' id='word_1_287' title='bbox 258 4303 333 4358; x_wconf 74' lang='lat' dir='ltr'><strong>Fort.</strong></span> <span class='ocrx_word' id='word_1_288' title='bbox 352 4304 581 4358; x_wconf 81' lang='grc' dir='ltr'><strong><em>ιίντισπαστικών</em></strong></span> 
     </span>
     <span class='ocr_line' id='line_1_39' title="bbox 180 4405 804 4463; baseline -0.005 -14"><span class='ocrx_word' id='word_1_289' title='bbox 180 4409 348 4463; x_wconf 67' lang='lat' dir='ltr'><strong><em>Thumna,</em></strong></span> <span class='ocrx_word' id='word_1_290' title='bbox 363 4410 451 4451; x_wconf 70' lang='lat' dir='ltr'><strong>scholia</strong></span> <span class='ocrx_word' id='word_1_291' title='bbox 465 4411 490 4449; x_wconf 88' lang='lat' dir='ltr'><strong><em>in</em></strong></span> <span class='ocrx_word' id='word_1_292' title='bbox 504 4409 681 4458; x_wconf 68' lang='lat' dir='ltr'><strong>Aristophanem</strong></span> <span class='ocrx_word' id='word_1_293' title='bbox 694 4405 804 4450; x_wconf 66' lang='lat' dir='ltr'><strong><em>moulon,</em></strong></span> 
     </span>
    </p>
   </div>
   <div class='ocr_carea' id='block_1_4' title="bbox 0 0 1453 4846">
    <p class='ocr_par' dir='ltr' id='par_1_9' title="bbox 0 0 1453 4846">
     <span class='ocr_line' id='line_1_40' title="bbox 0 0 1453 4846; baseline 0 0"><span class='ocrx_word' id='word_1_294' title='bbox 0 0 1453 4846; x_wconf 95' lang='lat' dir='ltr'><strong><em> </em></strong></span> 
     </span>
    </p>
   </div>
  </div>
 </body>
</html>
