2864 4846
204 256 240 313 46
629 260 737 318 Scholia
754 261 783 318 in
801 264 894 320 nubes.

205 417 300 496 λως.1
322 413 373 485 ἰοῦ
394 414 454 485 ἰοῦ.
476 418 592 507 διπλῆ,
614 411 687 486 εἶτα
708 420 779 510 καί)
802 409 959 503 aiodian.
980 418 1029 503 εἰς
1043 422 1315 516 προαναφαίνησιν

203 519 241 588 τὸ
263 518 313 588 ἰοῦ
334 519 402 606 ἰοῦ,
427 522 481 590 καί
502 518 617 609 ἴαμβοι
640 521 805 614 τρίμετροι
833 521 882 592 ἐ’
905 525 939 593 έν
960 523 1141 596 εἰσδέσει.8
1160 533 1198 598 R.
1214 531 1252 598 V.

294 668 525 728 1206--1213,
568 661 677 751 μάκαρ
698 657 725 729 ὦ
744 661 971 754 Στρεψίαδεςε
1002 662 1180 753 ῆἜκθεσις
1201 667 1238 734 δέ
1257 673 1315 757 τῆς

205 766 325 854 διπλῆς
359 764 528 854 περιοδικῆ
557 763 606 846 εἰς
640 765 739 851 μέλος
766 770 1027 859 μονοστροφικὸν
1055 776 1115 838 τοῦ
1137 769 1315 860 ὑποκριτοῦ

207 861 428 948 4ὸκτάκωλος·
450 862 493 936 ὧν
515 868 553 936 τὸ
575 874 707 959 πρῶτον
726 867 863 940 Ἰωνικὸν
884 861 1144 997 άπχέλάσσονος
1163 872 1314 964 ὸίμετρον
1342 895 1388 986 (ῃ

203 972 451 1063 καταληκτικόν·
472 970 554 1040 εἰδὲ
573 973 696 1059 βούλει,
719 972 959 1045 άναπαιστικον
982 977 1231 1068 πενθημιμερές.
1276 977 1315 1046 τὸ

204 1074 350 1168 δεύτερον
375 1068 516 1144 Ἰωνικὸν
554 1073 621 1145 άπὸ
650 1075 794 1163 μείζονος
827 1077 1049 1171 έφθημιμερές
1077 1074 1150 1150 άντί
1177 1075 1315 1150 Ἰωνικοῦ

203 1179 275 1267 dicor
295 1177 463 1268 ἐπίτριτον
490 1178 627 1268 5τρίτον.
658 1181 696 1271 τὸ
718 1180 826 1271 τρίτον
849 1181 1002 1272 ἰαμβικὸν
1023 1183 1172 1277 ὸίμετρον
1194 1178 1319 1253 άκατα-

203 1285 368 1375 τάληκτον.
389 1282 426 1352 τὸ
446 1281 601 1374 τέταρτον
624 1281 739 1370 ὅμοιον
761 1291 809 1376 τῷ
833 1287 978 1379 δευτέρη).
999 1287 1083 1369 τινές
1104 1288 1141 1356 δέ
1161 1288 1318 1357 ταῦτατὸ

202 1386 278 1478 τρία
305 1381 375 1456 άπὸ
405 1385 559 1477 ἰαμβικῆς
588 1386 716 1473 βάσεως
737 1389 792 1456 καί
822 1395 995 1483 τρυχαϊκῆς
1017 1395 1236 1473 κατακλεῖδος.
1278 1385 1318 1460 τὸ

202 1491 359 1578 πέμπτον
392 1489 542 1577 ἰαμβικὸν
574 1487 805 1582 ἓφθημιμερές.
845 1494 883 1563 τὸ
912 1491 946 1576 ς’
977 1492 1111 1566 Ἰωνικὸν
1147 1494 1317 1587 τρίμετρον

202 1594 435 1688 καταληκτικὸν
459 1593 496 1662 έκ
515 1594 700 1684 διτροχαίου
720 1596 776 1665 καί
799 1596 969 1688 ἐπιτρίτου
1001 1598 1130 1689 6τρίτου
1153 1600 1209 1666 καί
1230 1604 1316 1689 Κρη-

201 1707 311 1771 τικοῦ·
342 1699 371 1768 εἰ
395 1699 431 1768 δέ
452 1694 578 1785 βοίλει,
604 1700 775 1788 τροχαϊκὸν
798 1699 965 1791 τρίμετρον
986 1701 1217 1793 καταληκτικὸν
1237 1697 1316 1789 ἰάμ-

201 1813 262 1894 βου
290 1805 372 1872 κατὰ
400 1803 457 1893 τῆν
486 1802 640 1893 τετάρτην
666 1803 786 1895 χώραν,
831 1802 894 1886 Ὶὼς
925 1805 984 1874 έπί
1010 1815 1068 1897 τῆς
1086 1801 1315 1896 παραβάσεως,

200 1906 384 1993 τιθεμένου.
418 1905 439 1995 ῆ
461 1906 499 1974 τὸ
520 1905 580 1991 μέν
596 1906 752 1992 πέμπτον
765 1901 903 1977 Ἰωνικὸν
919 1908 1069 1998 ὸίμετρον
1085 1907 1312 2000 άκατάληκτον,

201 2011 239 2082 τὸ
262 2003 291 2080 δ’
312 2009 405 2079 ἕκτον
429 2008 465 2090 ἒξ
485 2006 636 2095 ἰαμβικυῦ
656 2018 920 2101 πενθημιμερυῦς
934 2014 988 2081 καὶ
1003 2013 1136 2101 δοχμίαν
1159 2013 1313 2103 συζυγίας.
1368 2064 1371 2069 -

201 2122 327 2205 συνῆψε
362 2118 404 2203 τῆ
439 2112 524 2194 λέξει
555 2112 611 2181 καί
639 2110 750 2205 ἑτέραν
782 2113 943 2206 διαίρεσιν
974 2118 1030 2209 τῆν
1056 2115 1104 2198 εἰς
1144 2116 1315 2204 8ἰαμβικὸν

199 2217 371 2310 τρίμετρον
396 2213 681 2307 ὸπερκατάληκτον
707 2218 763 2286 καί
793 2215 934 2306 δόχμιον.
973 2223 1011 2290 τὸ
1050 2220 1189 2309 έβὸομον
1213 2216 1311 2291 Ἰωνι-

152 2317 153 2320 '
199 2324 259 2393 κὸν
287 2321 436 2411 ὸίμετρον
462 2317 762 2412 ὸπερκατάληκτον,
806 2323 843 2404 ἐξ
865 2317 1005 2393 Ἰωνικοῦ
1031 2326 1087 2394 καί
1118 2325 1311 2414 διτροχαίου,

198 2425 220 2518 ῆ
243 2425 396 2514 ἰαμβικὸν
418 2421 568 2514 ὸίμετρον
592 2421 826 2515 άκατάληκτον.
858 2428 897 2495 τὸ
920 2425 1036 2515 ὄγδοον
1056 2423 1194 2499 Ἰωνικὸν
1218 2426 1312 2520 ῆμιό·

199 2535 279 2614 λιον,
300 2531 336 2600 έκ
359 2526 542 2619 διτροχαίου
563 2528 620 2596 καί
642 2527 829 2597 σπονδείου·
853 2528 873 2621 ῆ
893 2531 1061 2622 τρυχαϊκὸν
1082 2528 1310 2623 ἰθυφαλλικόν.

198 2635 258 2703 ἐπὶ
280 2639 329 2725 τηί
351 2635 437 2702 τέλει
459 2630 516 2700 δύο
538 2634 656 2700 διπλαῖ
675 2631 737 2715 ἔξω
765 2641 952 2704 νενευκυῖαι·
990 2636 1091 2725 ἡμὲν
1114 2635 1150 2704 έν
1168 2629 1261 2726 άρχῆ,
1291 2634 1310 2726 ῆ

198 2737 236 2806 δέ
256 2736 339 2805 κατὰ
360 2737 399 2804 τὸ
421 2736 523 2817 τέλος.
555 2733 684 2806 ἔστιδὲ
706 2737 887 2806 καὶταῦτα
914 2735 1202 2832 πολυσχημάτιστα
1226 2739 1310 2807 κατὰ

198 2841 255 2913 τὸν
276 2839 440 2932 εἰρημένον
460 2835 596 2929 τρόπον.
606 2843 638 2928 Ἵ]

285 3074 300 3130 l
329 3071 420 3128 Verba
442 3071 582 3127 Heliodori
611 3070 659 3127 sed
687 3071 860 3138 vehementer
889 3074 1016 3142 corrupta
1045 3071 1079 3127 ef.
1111 3076 1306 3147 κωλομετρίυν.

198 3159 402 3221 λδειίῦειιδαω
419 3157 460 3213 λε’
547 3160 566 3214 3
584 3158 736 3216 Scholiasta
754 3162 844 3216 vetere
869 3157 921 3214 hoo
943 3157 1045 3215 soholio
1062 3175 1127 3214 usus
1145 3159 1308 3214 mentionem

199 3250 299 3315 διπλῆς
318 3248 368 3308 ἔξω
387 3251 545 3305 νενευκυῖας
562 3245 662 3301 omisit.
750 3244 938 3307 domnoniae
956 3243 1125 3302 referendum
1140 3246 1175 3301 ad
1191 3247 1307 3304 ἔκδεοις.

198 3337 326 3408 5τρίιον
343 3330 449 3388 addidit
471 3332 650 3388 Hermannum
735 3334 752 3388 6
775 3339 870 3407 τρίτου
893 3332 999 3388 addidit
1022 3332 1138 3389 Reiziue.
1232 3330 1307 3386 in.

197 3421 280 3478 schol.
303 3418 366 3476 nub.
381 3419 441 3475 518.
549 3419 566 3474 8
594 3417 728 3490 ίαμβιιιῆν
756 3424 902 3492 τρίμετρον
926 3419 1018 3497 ὥσπερ
1042 3417 1243 3487 καταληπτικὴν
1259 3420 1306 3472 καὶ

198 3505 320 3579 δόχμιον
338 3504 411 3571 eod,
436 3505 508 3576 quod
526 3504 679 3562 emendavit
696 3505 813 3561 Roizius.
918 3507 935 3562 9
952 3505 1042 3562 Verba
1059 3505 1213 3571 Heliodori,
1237 3519 1306 3576 quae

196 3593 247 3650 hoo
262 3592 292 3650 in
310 3593 411 3649 scholio
428 3592 537 3648 condita
554 3595 632 3663 sunt,
650 3591 730 3648 facile
746 3592 786 3647 sio
801 3591 1022 3648 reconciliantur:
1041 3594 1129 3660 διπλῆ
1146 3595 1194 3647 καὶ
1210 3595 1305 3645 εἴσδυ-

197 3697 242 3743 σις
258 3684 298 3742 εἰς
320 3684 402 3748 μέλος
422 3679 633 3755 μονοτροφικὸν
657 3683 706 3733 τοῦ
730 3677 887 3754 ὑποκριτοῦ
904 3677 1076 3745 ὸκτάιιωλον,
1108 3669 1148 3734 τὸν
1164 3679 1179 3732 ὁ
1198 3683 1305 3753 πρῶτος

194 3767 314 3826 Ἰωνικὸς
338 3767 385 3820 ἀνά
407 3764 556 3826 ἐλάσσονος
581 3768 710 3838 δίμετρος
728 3763 932 3831 καταληκτικός.
967 3766 983 3819 ὁ
1002 3764 1044 3834 β’,
1069 3763 1100 3835 γ’
1125 3766 1174 3817 καὶ
1191 3762 1220 3817 δ’
1248 3761 1305 3816 άπὸ

198 3857 327 3926 ἰαμβικῆς
346 3851 454 3922 βάσεως
473 3856 520 3907 καὶ
536 3856 686 3928 τροχαϊκῆς
703 3851 881 3910 κατακλεῑδος
897 3850 941 3921 (oi.
959 3855 1061 3922 κωλομ.
1081 3850 1163 3905 schol.
1179 3865 1238 3920 pao.
1253 3848 1304 3906 939

197 3939 225 3994 ei
241 3939 335 4008 1127),
354 3938 368 3992 ὸ
388 3937 415 3993 ε’
435 3943 537 4012 ἴαμβος
553 3935 765 4011 ἑφθημιμερῆς,
785 3937 799 3990 δ
820 3935 851 3999 ς’
871 3938 902 3990 ἐκ
920 3941 1055 4007 λαμβιιιοῦ
1072 3938 1305 4009 πενθημιμεροῦς

197 4027 244 4079 καὶ
262 4025 382 4098 δοχμίαν
411 4027 541 4094 συζυγία,
574 4023 699 4094 (συζυγία
726 4021 798 4093 apud
823 4021 999 4078 Heliodorum
1013 4038 1068 4077 non
1085 4021 1157 4077 idem
1173 4023 1216 4075 eei
1233 4018 1305 4090 quod

196 4109 320 4180 dipodia,
336 4126 400 4166 nam
416 4110 584 4166 doohmiaous
602 4125 651 4178 pes
668 4107 821 4178 appellator
839 4107 960 4178 δόχμιον
980 4107 1087 4162 διπλοῦν
1105 4109 1238 4178 (διπλοῦν
1252 4105 1304 4160 duo

195 4195 293 4267 pedes,
312 4197 348 4253 of.
358 4196 473 4253 Acheru.
488 4198 569 4253 schol.
577 4196 651 4265 358),
668 4196 717 4250 εεδ
732 4192 869 4264 significat
884 4193 997 4262 duorum
1015 4196 1132 4250 colorum
1142 4192 1304 4249 ooniunetio-

195 4300 258 4342 nem
269 4285 299 4341 in
311 4301 395 4342 unum
406 4300 514 4342 veroum
528 4283 562 4341 of.
582 4282 665 4340 sohol.
684 4281 799 4339 Δείνωνι.
812 4281 873 4347 284,
892 4281 965 4352 quoi
977 4281 1019 4352 eie
1031 4284 1074 4338 eoi
1092 4279 1303 4338 remetiendum:
