2864 4846
231 170 262 209 vl

319 315 364 382 Ut
394 315 502 381 autom
535 313 784 383 dissertationem
811 313 901 380 illam
936 315 1041 400 paullo
1069 319 1141 402 post
1170 314 1342 404 δευτέραις,

231 438 268 503 ut
287 437 333 502 ita
355 437 474 514 dicam,
500 430 671 523 φροντίσιν
692 437 864 503 recolerem
885 439 1048 520 ceteraque
1069 439 1188 504 scholia
1211 441 1344 506 metrica

231 557 413 637 adiicerem,
437 577 508 625 cum
529 557 567 625 G.
583 558 804 644 Bernhardyus
825 560 858 624 ot
878 559 936 624 Th.
950 558 1106 645 Borgkius
1125 563 1343 648 praeceptores

230 678 281 747 1'n'e
305 679 549 774 admonuerunt,
586 683 654 745 tum
682 680 899 747 benevolentia
918 679 975 745 illa
998 681 1115 760 effecit,
1153 702 1215 766 qua
1243 702 1342 767 nuper

29 874 32 879 ,
101 782 104 787 ’
230 803 269 868 R.
287 800 453 886 Wcstphal
475 800 514 868 do
536 801 689 868 tirociniis
710 801 775 867 illis
798 820 891 869 suum
912 801 1065 868 iudicium
1087 804 1219 886 protulit
1235 804 1341 888 (Matr.

111 956 115 962 ·
230 922 347 990 acal
359 941 431 1007 pag.
439 921 566 1007 XXVI).
591 923 749 1008 sicigitur
765 922 887 1007 stipsis
903 923 1087 1008 fragmentis
1098 923 1294 992 Heliodoreis
1310 928 1342 993 ct

231 1042 454 1112 recentioribus
477 1043 603 1110 scholiis
623 1044 740 1112 iterum
758 1043 903 1141 incubui,
923 1046 957 1110 in
980 1045 1163 1130 quolabore
1179 1047 1341 1113 commodo

230 1163 357 1244 accidit,
389 1165 426 1230 ut
454 1165 620 1231 nonnullas
643 1164 839 1231 coniecturas
864 1154 915 1230 sat¹
934 1166 1111 1248 probabiles
1136 1167 1212 1234 Otto
1235 1167 1341 1234 Hense

229 1305 355 1352 mecum
377 1285 630 1353 communicaret.

311 1410 379 1475 'Res
414 1408 445 1487 t,
482 1409 519 1474 ut
548 1406 586 1473 de
606 1406 726 1473 rationo
757 1426 851 1491 quarn
877 1408 911 1474 in
934 1408 1006 1474 crisi
1027 1408 1216 1483 Heliodorea
1241 1412 1341 1477 secuti

139 1511 143 1517 ¹
233 1527 331 1595 simus
352 1528 540 1615 paucissima
565 1528 821 1613 perstringamus.
866 1531 959 1614 atquc
981 1531 1018 1595 ut
1039 1512 1148 1597 vetera
1172 1531 1340 1598 111110110-

118 1696 122 1702 -
209 1650 272 1739 ,lia
299 1649 411 1734 quibus
438 1650 637 1736 potissimum
660 1650 844 1717 colometris
869 1651 1064 1729 continetur,
1092 1652 1126 1716 id
1151 1653 1233 1737 quod
1255 1673 1340 1719 sum-

229 1790 318 1837 mum
340 1773 423 1852 erat,
461 1771 537 1837 satis
563 1791 582 1838 a
602 1771 828 1837 recentioribus
850 1771 1152 1852 discriminaremus,
1189 1776 1340 1860 tanquam

232 1890 325 1958 duces
352 1893 442 1958 nobis
472 1894 560 1960 erant
593 1910 655 1958 non
678 1892 771 1958 modo
807 1892 968 1979 signorum
1005 1902 1080 1959 usu's
1109 1893 1191 1978 apud
1217 1897 1340 1963 veteres

216 2013 415 2098 vscholiastae
439 2015 470 2080 et
492 2013 681 2081 recentiores
710 2015 802 2100 plano
821 2014 1009 2093 contrarius,
1048 2015 1104 2081 sed
1130 2015 1226 2082 otiam
1248 2036 1340 2083 voces

228 2127 377 2231 εἴσθεσις
399 2134 431 2200 11
453 2129 702 2212 1111111111
723 2152 850 2217 prorsus
873 2135 995 2202 diverso
1017 2137 1193 2219 usurpatae.
1223 2139 1340 2204 etenim

95 2278 117 2324 ς
228 2257 265 2320 ut
286 2256 474 2322 recentiores
495 2257 681 2329 scholiastae
702 2257 855 2322 uocabula
874 2250 1038 2336 εἴσθεσις,
1068 2253 1216 2339 iturum,
1245 2254 1343 2324 ἒπέκ-
1407 2343 1412 2349 ¹

112 2391 115 2395 ’
228 2381 327 2454 ‚lactc
350 2377 384 2442 in
406 2397 478 2444 suos
501 2378 741 2472 commentarios
763 2379 964 2464 receperunt,
984 2377 1030 2442 ita
1050 2356 1127 2461 'quid
1149 2380 1272 2466 proprie
1287 2381 1343 2447 illa

229 2498 312 2582 apud
333 2501 456 2571 ueteres
479 2499 701 2585 grammaticos
721 2499 773 2566 uel
792 2501 828 2564 ut
847 2497 985 2566 breviter
1008 2497 1111 2586 dicam
1129 2500 1341 2593 111111Ηο111-

230 2621 343 2687 dorum
365 2621 591 2706 significarent,
621 2640 684 2687 non
705 2620 797 2687 modo
819 2639 882 2686 non
908 2619 1142 2699 intellexerunt,
1171 2622 1226 2686 sed
1243 2621 1342 2688 etiam

187 2753 190 2758 ’
231 2760 346 2809 novam
366 2743 406 2807 iis
427 2743 589 2809 notionem
612 2744 644 2808 et
664 2742 756 2826 plano
779 2740 934 2808 diversam
955 2743 1193 2827 supposuerunt.
1222 2742 1342 2809 accedit

161 2867 164 2874 ⁴
233 2863 377 2930 codicum
398 2864 584 2943 auctoritas,
607 2882 741 2946 quorum
764 2861 860 2929 codex
882 2853 1040 2942 Venetus,
1064 2879 1126 2946 quo
1146 2863 1243 2931 otiam
1263 2864 1342 2930 duae

136 3010 141 3023 ¹
171 3025 174 3031 ·
216 2984 473 3069 subscriptiones
494 2985 714 3070 percommode
735 2984 825 3051 nobis
848 2985 1026 3050 asservatas
1048 2985 1137 3062 sunt,
1165 2984 1342 3070 fragmenta

228 3107 329 3172 nostri
363 3105 500 3171 auctoris
536 3107 629 3189 longe
665 3106 802 3190 plurima
838 3103 978 3172 tradidit.
1022 3104 1160 3171 bonitate
1195 3105 1341 3172 lectionis

125 3254 128 3261 ·
228 3226 414 3312 plerumque
440 3227 535 3292 otiam
562 3227 664 3311 magis
702 3225 953 3305 commendatur,
992 3225 1136 3328 quamuis
1164 3226 1214 3291 sat
1241 3227 1341 3292 multa

117 3350 121 3356 '
230 3348 347 3414 scholia
382 3349 416 3412 in
451 3367 486 3414 eo
516 3347 634 3414 frustra
672 3366 818 3430 quaeras,
856 3346 951 3412 codex
982 3348 1148 3413 Ravennae
1176 3347 1279 3413 aetate
1309 3349 1342 3413 et

229 3468 416 3535 auctoritate
445 3468 497 3553 qui
523 3469 591 3534 iuro
624 3463 737 3534 dicitur
766 3469 919 3552 princeps.
964 3467 991 3531 si
1024 3467 1062 3532 ab
1088 3465 1138 3530 his
1163 3468 1339 3547 recesseris,

228 3588 430 3656 Laurentiani
460 3574 591 3673 deniquo
612 3588 767 3655 rationem
784 3589 900 3674 habeas
928 3606 1069 3664 necesse,
1104 3587 1290 3671 pracsertim
1312 3587 1341 3654 si

228 3709 349 3776 scholia
381 3709 415 3775 in
452 3712 573 3794 equites
606 3710 746 3777 fabulam
778 3707 935 3793 respicias.
987 3708 1128 3773 ceterum
1159 3706 1243 3771 haud
1273 3708 1362 3774 sine·

227 3830 358 3897 consilio
381 3824 491 3915 ipsum'
507 3825 725 3918 κωλομετρίας
746 3830 877 3896 titulum
892 3829 1050 3911 usurpavi.
1081 3827 1209 3892 ‘etenim
1230 3828 1343 3894 vetera

227 3952 285 4018 1111
301 3953 421 4018 scholia
437 3952 476 4018 ad
492 3950 698 4018 Heliodorum
719 3929 898 4028 referenda,
915 3968 959 4017 ex
979 3948 1036 4013 tali
1051 3947 1198 4012 continua
1218 3950 1337 4014 metro-

5 4082 7 4089 ’
145 4149 149 4156 ,
189 4132 192 4139 ,
227 4093 298 4140 rum
319 4072 529 4159 descriptione
548 4073 702 4138 translata
725 4091 809 4151 esso,
837 4069 961 4153 qualem
981 4067 1157 4152 Eugenium
1179 4085 1337 4150 gramma-

230 4194 332 4263 ticum
354 4193 394 4263 ad
416 4194 582 4282 Aeschyli,
607 4193 782 4281 Sophoclis,
804 4186 961 4274 lluripidis
983 4187 1103 4298 fabulas
1127 4187 1337 4273 composuisse
