2864 4846
191 266 226 323 26
620 268 727 326 Scholia
750 270 779 326 in
796 270 870 327 Plut.

189 419 461 514 ἡπαρόγραφος,
496 424 734 517 ἐπιφερομένης
762 424 860 517 δίλλης
881 435 1039 519 στροφῆς,
1072 428 1147 497 ἐπεὶ
1171 428 1227 496 καὶ
1249 421 1300 518 ἐφ’

191 524 328 596 ἑκάστου
351 525 454 596 κώλου
476 522 569 597 οὐδέν
591 522 686 622 ἧττον
708 529 855 601 τίθεται·
885 529 966 600 ἀλλὰ
989 538 1092 601 κεῖται
1113 531 1170 601 καί
1195 531 1214 622 ἡ
1235 530 1301 599 ἔσω

190 638 347 700 νενευκυῖα
368 631 471 722 διπλῆ
478 657 485 673 ·
508 639 604 703 τοῦτο
625 635 677 720 δέ,
700 635 757 704 εὀλν
780 634 995 728 ἀντίστροφος
1018 636 1223 727 ἐπιφέρηται,
1247 635 1301 718 ὡς,

191 736 245 804 ἐόν
266 761 301 824 γε
323 738 487 828 μεταβολὴ
507 733 643 831 μόνονῇ
662 746 826 831 στροφῶν,
848 738 944 831 ἡέξω
958 740 1121 828 βλέβουσα
1136 739 1299 830 τίθεταιλ]

280 868 342 927 302
351 901 392 910 --
400 869 473 928 308.
504 859 586 948 λέγω
608 860 644 928 δὲ
666 862 724 951 τὴν
739 859 883 953 Κίρκην·
905 859 1084 943 ι”Εκθεσις
1105 867 1162 953 τῆς
1182 864 1302 952 διπλῆς

192 970 434 1054 συστηματικῶν
457 962 575 1048 στίχων
597 965 654 1032 καί
675 965 787 1033 κώλων
822 961 956 1034 ἐἴκοσι
977 963 1043 1035 είσλ
1074 965 1110 1034 δέ
1131 971 1189 1034 τοῦ
1208 961 1302 1055 πριό-

190 1092 247 1135 του
268 1063 470 1158 συστήματος
504 1064 631 1152 1στίχοι
658 1068 715 1136 καί
742 1071 831 1136 κῶλα
858 1065 953 1138 έπτό.
989 1067 1111 1137 τούτων
1132 1065 1150 1138 ὁ
1170 1074 1303 1158 πρῶτος

189 1171 404 1263 τετρόμετρος
429 1169 687 1265 ιόκατολληκτος,
718 1164 810 1241 6οἷον
834 1175 953 1243 τὸτοῦ
973 1171 1127 1241 Ἀλκαίου

331 1295 411 1357 δέξαι
428 1313 465 1366 με
483 1293 657 1367 νομίζουσιν’,
677 1297 768 1362 δέξαι,
788 1299 924 1368 λίσσομαί
940 1311 985 1361 σε,
1006 1299 1148 1369 λίσσομαι.

191 1394 209 1464 ό
232 1396 378 1485 δείπερος
397 1395 609 1486 τετράμετρος
631 1396 878 1489 καταληκτικός,
912 1395 956 1479 ὥς
977 1396 1018 1464 τὰ
1039 1396 1105 1487 πρὸ
1123 1392 1261 1464 τοίπων·
1284 1395 1302 1465 ό

191 1499 228 1568 δέ
250 1500 360 1587 τρίτος
382 1499 531 1591 δίμετρος
553 1499 786 1593 όκατοίληκτος·
817 1501 892 1572 dor*
914 1501 1070 1591 τέταρτος
1091 1501 1304 1590 τετρόμετρος

190 1604 423 1695 καταληκτικδς
444 1603 566 1692 ὁμοίως
587 1613 634 1697 τῷ
656 1608 808 1697 δευτέρην·
843 1604 918 1676 όδὲ
939 1605 1093 1691 πέμπτος
1113 1602 1234 1691 ὁμοίως
1255 1609 1304 1694 τῷ

190 1709 306 1800 τρίτῳ·
340 1707 358 1779 ὁ
381 1710 474 1791 έκτος
493 1709 662 1801 τρίμετρος
682 1707 917 1802 ολκατόληκτος·
952 1708 1027 1780 ὁδέ
1050 1710 1190 1797 ἕβδομος
1210 1707 1302 1795 δίμε-

193 1839 269 1903 τρος
295 1812 562 1905 6καταληκτικός·
584 1813 628 1897 ὡς
650 1813 758 1885 ἐκεῖνα
781 1822 839 1884 τοῦ
858 1813 1090 1906 Ἀνακρέοντος

539 1938 554 1990 ὁ
572 1938 628 2010 μὲν
646 1941 739 1994 θέλων
756 1936 912 2010 μάχεσθαι,

542 2022 658 2098 πάρεστι
676 2025 743 2100 γάρ,
761 2028 903 2096 μαχέσθω.

192 2123 400 2217 ἓφδημιμερῆ
423 2125 521 2194 δὲτὰ
543 2132 677 2193 τοιαῦτα
699 2128 860 2209 καλεῖται,
888 2121 932 2205 ὡς
953 2130 1041 2212 τρεῖς
1062 2122 1177 2208 digena
1198 2123 1304 2206 πόδας

191 2231 248 2299 καί
271 2221 443 2320 συλλαβήν·
468 2230 527 2298 ἐπὶ
546 2235 592 2320 τῷ
612 2229 697 2298 τέλει
717 2230 963 2320 παρόμραφοςλ]

283 2362 391 2422 eoo-
409 2361 481 2421 315.
526 2345 639 2420 οὐκοῦν
665 2375 702 2419 σε
730 2352 787 2442 τὴν
816 2349 957 2479 ιιίρκηι
1002 2354 1092 2475 ηερε
1132 2350 1305 2438 νεωτέρω

194 2556 378 2652 προφθόση
399 2560 543 2651 περιόδῳ
566 2559 643 2628 καθ’
668 2560 831 2650 ἓκαστον]]

283 2692 396 2752 316-
405 2692 478 2752 321.
524 2674 616 2770 [[αλλ
651 2676 721 2751 εἶαε
761 2688 825 2774 Ίης
863 2680 973 2772 τρίτης
1011 2623 1167 2773 περιόδου
1199 2681 1305 2766 στίχοι

192 2814 247 2857 και
237 2787 357 2855 κῶλα
378 2786 426 2872 ε’,ξ
459 2779 502 2855 ὧν
525 2789 563 2854 τὸ
585 2812 644 2872 μεν
665 2792 798 2875 πρῶτον
827 2814 882 2855 και
873 2787 1087 2855 τελευταῖον
1108 2786 1305 2877 τετράμετρα

192 2888 425 2983 καταληκτικό,
461 2891 503 2959 τὰ
533 2890 569 2959 δέ
598 2893 716 2976 μεταξὺ
750 2890 886 2981 δίμετρα
914 2888 1136 2982 ἄκατόληκτα·
1174 2891 1233 2959 ἐπί
1258 2897 1305 2981 τῷ

191 2995 278 3064 τέλει
299 2997 418 3063 διπλαῖ
445 2993 507 3078 ἔξω
528 3001 718 3080 νενευκυῖαι,
756 2993 858 3086 ἡμὲν
888 2995 922 3063 έν
951 3003 990 3086 τῇ
1019 2993 1098 3087 ἀρχῇ
1116 3000 1172 3063 τοῦ
1192 2991 1305 3076 κοίλου,

280 3337 296 3390 1
324 3333 422 3389 Totum
446 3333 497 3389 1100
520 3334 603 3390 schol.
628 3334 720 3389 omisit
745 3339 775 3389 Θ.
801 3334 917 3403 Regius:
945 3331 977 3388 τό
1006 3332 1030 3386 α’
1057 3337 1104 3387 καὶ
1121 3332 1157 3403 ῤ’,
1185 3333 1304 3404 λαμβεκά

193 3420 364 3497 τετράμετρα
382 3419 564 3488 καταληκτικά
582 3420 670 3492 ὅμοια
690 3427 748 3481 τοῖς
765 3419 831 3478 ἄνω.
887 3424 904 3477 2
922 3424 1011 3474 εἴκοσι
1027 3419 1135 3475 Portus,
1155 3418 1225 3473 ὀκτὼ
1242 3419 1304 3475 Ald.

192 3512 210 3565 3
228 3514 319 3578 στίχοι
337 3511 384 3562 καὶ
402 3511 476 3561 κῶλα
493 3509 635 3563 KusteruS.
654 3514 759 3576 στίχων
771 3512 817 3561 καὶ
830 3506 925 3562 κώλων
942 3506 1004 3562 Ald.
1075 3507 1094 3561 4
1113 3504 1304 3573 ἀκατιίληκτος.

194 3597 276 3662 „iuro
294 3595 426 3650 Kusterus
446 3595 608 3650 scholiasten
623 3594 809 3664 reprehendit,
827 3595 874 3665 qui
890 3594 1007 3663 primum
1026 3609 1133 3648 versum
1154 3609 1213 3649 esse
1232 3592 1305 3648 dixe·

192 3682 230 3738 rit
248 3679 434 3755 τετράμετρον
454 3679 656 3749 ἄκατιίληκτον,
684 3698 765 3752 quum
786 3681 843 3737 sine
861 3681 941 3736 dubio
967 3682 1005 3736 sit
1023 3678 1205 3754 τετριίμετρος
1220 3700 1305 3734 κατα-

194 3766 324 3836 ληκτικός.
354 3769 400 3839 qui
423 3769 453 3822 in
475 3771 533 3823 tam
559 3768 733 3824 manifestum
757 3784 872 3824 errorem
890 3768 946 3823 labi
962 3768 1098 3838 potuerit,
1129 3767 1225 3832 miror;
1252 3768 1307 3823 nisi

122 3840 148 3861 ⁶
194 3854 322 3912 credibile
339 3857 418 3923 putes
435 3871 496 3910 eum
516 3856 659 3924 reperisse,
686 3853 739 3925 ἐγὼ
759 3854 856 3921 δὲτὴν
875 3859 982 3929 Κίρκην
1005 3872 1037 3924 με
1056 3855 1106 3920 τὴν
1127 3852 1160 3906 τὰ
1180 3852 1301 3927 φάρμακ’

194 3942 379 3998 ἀνακυκῶσαν
392 3940 452 3996 der
471 3942 575 3997 Hemsd.
644 3944 661 3999 5
683 3936 744 3996 οἷον
761 3940 792 3995 τὸ
810 3941 845 3996 oi.
865 3941 937 4011 apud
953 3940 1182 4010 Hephaestionem
1201 3956 1260 4009 σου.
1272 3940 1306 3996 V.

194 4032 211 4087 6
228 4028 383 4084 Traduntur
399 4026 450 4082 hoc
467 4027 568 4083 scholio
588 4028 615 4098 (ό
635 4025 762 4100 δεύτερος
779 4056 811 4068 -
831 4028 846 4080 ὁ
865 4028 897 4081 δὲ
916 4027 1038 4097 ἕβδομος
1058 4028 1187 4098 δίμετρος
1199 4026 1305 4095 καταλ.)

193 4115 312 4187 genuina
331 4113 414 4170 verba
432 4114 587 4179 Holiodori,
612 4114 683 4184 quod
700 4117 819 4169 testatur
844 4114 1002 4183 plenissimo
1025 4112 1182 4168 adverbium
1200 4111 1307 4183 ὁμοίως

193 4205 257 4272 post
275 4199 452 4278 τετράμετρος
470 4199 668 4268 κατοληκτικός
685 4210 925 4271 supervacaneum,
946 4200 1018 4269 apud
1029 4199 1204 4254 Heliodorum
1216 4200 1306 4253 autem

194 4305 320 4346 versuum
338 4287 429 4344 sedem
447 4288 494 4359 (so.
514 4288 681 4362 ἐκκείμενος)
698 4288 829 4344 indicano.
903 4291 918 4343 7
937 4286 1018 4344 Sehol
1035 4288 1088 4344 309
1105 4289 1133 4342 et
1150 4287 1202 4343 316
1214 4301 1259 4341 om
1278 4289 1307 4340 Θ.
