2864 4846
164 215 214 271 104

249 376 327 441 Cum
353 370 501 452 είοθιοις
533 377 565 440 et
594 366 729 450 έκζαεσις
759 376 910 441 voeabula
932 373 1036 442 'etiam
1065 375 1148 460 apud
1180 379 1274 444 sehe-

162 478 273 544 liastas
293 478 484 561 Byzantinos
508 479 568 543 etsi
590 479 673 542 inter
693 497 727 542 se
743 481 937 545 commutata
953 499 1045 562 saepe
1060 480 1274 562 inveniantur,

162 579 340 659 έκέκθεοις
369 584 401 647 et
428 577 622 657 ἐπείοθεοις
656 581 800 664 plurimis
830 584 909 648 loeis
936 584 1124 650 interierunt
1155 588 1212 651 aut
1240 586 1276 652 in

163 682 296 763 ἕκθεσις
317 689 349 752 et
371 681 518 762 είοθεσις
540 686 741 751 transierunt.
764 706 825 751 vex
847 685 1060 770 παρέκθεοις,
1083 690 1159 772 quid
1174 690 1275 775 signi·

163 791 236 856 fieet
251 790 378 856 difficile
396 792 444 856 est
459 789 499 855 ad
515 789 760 869 diiudicandum,
784 809 858 856 eum
873 790 993 858 duobus
1008 794 1134 858 tantum
1148 776 1227 859 loeis
1241 795 1275 860 in

163 895 259 960 schol.
274 914 341 979 pao.
359 897 421 958 459
439 895 471 959 et
485 895 622 959 tham.
641 900 724 958 1008
745 895 834 959 nobis
850 895 1001 961 tradatur.
1020 897 1156 962 tametsi
1170 897 1274 965 lucem

165 1000 298 1064 aderunt
321 999 393 1063 huic
415 997 462 1062 rei
483 998 580 1063 verbe
601 1016 680 1080 quae
710 998 876 1080 aliquoties
896 998 1061 1083 leguntur:
1099 999 1151 1083 (of.
1176 1002 1273 1069 sohel

161 1122 229 1186 pao.
247 1109 326 1180 426,
349 1103 425 1185 658)
448 1096 597 1178 alberea
617 1100 708 1187 παρὰ
729 1098 785 1167 τὸν
804 1099 1025 1189 τετράμετρον.
1070 1102 1274 1190 παρέκθεοις

161 1207 257 1292 igitur
295 1208 359 1284 est,
405 1226 500 1288 quam
539 1225 596 1271 nos
635 1206 766 1271 dicimus
812 1208 908 1285 „eine
944 1208 1273 1294 verhtltnissmtssige

162 1305 332 1387 &besona
377 1312 457 1375 hano
488 1311 631 1388 obrem,
668 1311 846 1376 tetrametri
875 1311 927 1393 qui
957 1312 991 1375 iu
1014 1311 1112 1375 schol.
1135 1311 1272 1378 Acheru

164 1421 247 1479 1008
272 1417 556 1481 commemorantur
586 1411 619 1478 ἐκ
646 1410 848 1499 παρεκθέοει
877 1414 987 1498 positi,
1018 1414 1178 1480 scribendi
1200 1417 1275 1482 sunt

163 1538 226 1584 non
253 1508 327 1581 κατ)
357 1513 431 1582 ἴσον
457 1521 528 1595 τοῖς
550 1513 684 1599 ἰάμβοις
703 1513 886 1602 τριμέτροις
908 1519 1182 1602 (roeo-4008),
1219 1518 1274 1585 sed

162 1625 210 1708 τῷ
238 1618 439 1707 τετραμέτρῳ
468 1621 588 1704 (1007).
614 1696 618 1703 Ι
640 1621 785 1686 similiter
811 1621 845 1685 in
873 1622 969 1686 schol.
1000 1641 1068 1704 pao.
1085 1628 1148 1688 459
1181 1625 1273 1690 seho-

162 1727 256 1792 liasta
279 1745 354 1792 veee
388 1722 648 1809 ,,ιιαρέκθεοις“
679 1724 899 1790 admonitionis
929 1724 1049 1808 aliquid
1071 1725 1196 1806 adiicit,
1234 1747 1273 1792 ne

164 1849 272 1895 versus
295 1829 511 1912 (een-466)
533 1823 601 1892 κατ)
632 1821 703 1891 ἴσον
724 1831 795 1904 τοῖς
816 1821 948 1909 ἰάμβοις
970 1827 1155 1915 τριμέτροις
1177 1833 1275 1914 ponat

163 1933 328 2011 librarius,
356 1932 411 1998 sed
432 1933 473 1997 ad
492 1932 722 2016 longitudinem
744 1950 850 1997 eorum
873 1934 904 1996 et
925 1932 1015 1997 sedes
1036 1935 1070 1998 iu
1093 1934 1199 2001 codiee
1224 1956 1273 2001 re·

165 2036 325 2119 spondeat.
355 2074 398 2084 -
436 2035 567 2118 denique
589 2036 649 2101 hee
671 2036 740 2100 loeo
761 2035 856 2101 liceat
878 2035 1008 2114 addere,
1032 2057 1088 2103 eur
1110 2059 1184 2104 oum
1205 2040 1273 2122 pls·

162 2160 259 2224 reque
283 2140 402 2207 sohelia
421 2139 454 2204 in
474 2139 572 2204 initiis
598 2140 676 2204 talia
705 2139 885 2206 exhibeant:
920 2135 1070 2217 εἴοθεοις
1091 2137 1152 2220 εἰς,
1189 2142 1274 2209 haud

163 2265 297 2329 magnus
320 2264 467 2311 numerus
491 2264 526 2309 ea
547 2263 623 2309 vooe
644 2244 676 2308 in
698 2245 849 2328 principio
874 2247 988 2310 eareat.
1034 2247 1128 2312 huius
1148 2249 1272 2331 generis

164 2351 238 2415 sunt
262 2350 380 2414 seholia
399 2368 466 2431 pac.
483 2355 562 2426 856,
586 2353 666 2426 939,
688 2347 803 2434 διπλῆ,
825 2344 939 2412 ἕπεται
962 2345 1061 2430 μέλος
1084 2351 1181 2416 sohel.
1198 2357 1272 2431 571,

164 2451 265 2539 διπλῆ
285 2450 339 2515 καί
358 2450 471 2534 μέλος,
495 2453 618 2535 (eontra
641 2472 677 2517 ea
699 2451 800 2538 διπλῆ
821 2449 876 2515 καί
901 2450 934 2516 ἐκ
953 2448 1101 2521 εἶοθέοει
1123 2453 1221 2537 μέλος
1240 2458 1274 2520 in

164 2556 260 2622 sohel.
277 2575 324 2639 eq.
343 2557 448 2639 1111).
493 2556 590 2621 verba
614 2556 697 2620 enim
719 2549 896 2635 ,ε’ίσθεσις
916 2551 1000 2637 εἰς“,
1025 2559 1099 2640 quia
1115 2559 1154 2624 ad
1172 2561 1274 2626 totam

162 2660 326 2745 periodum
347 2659 511 2726 metricam
531 2659 693 2725 referenda
714 2662 803 2738 sunt,
835 2660 959 2724 nonnisi
988 2661 1020 2725 in
1042 2663 1141 2728 initiis
1164 2682 1274 2730 eorum

143 2752 146 2757 ’
165 2764 355 2830 scholiorum
368 2765 575 2847 reperiuntur,
591 2764 646 2829 ubi
660 2765 799 2830 earmina
814 2763 984 2829 eorundem
996 2767 1052 2831 aut
1067 2768 1204 2833 solorum
1218 2771 1275 2834 aut

164 2888 312 2934 versuum
334 2869 537 2954 expleantur.
582 2868 749 2951 propterea
772 2868 799 2931 si
820 2866 945 2950 probari
965 2872 1098 2951 possunt
1120 2871 1153 2935 iu
1175 2871 1273 2937 sohel.

165 2991 212 3056 eq.
230 2980 331 3051 1111,
368 2973 424 3038 ubi
456 2971 641 3037 describitur
673 2991 800 3036 earmen
831 2971 939 3037 eedem
967 2976 1069 3039 metro
1104 2977 1136 3040 et
1161 2973 1275 3040 iisdem
1343 3058 1347 3063 Ι

165 3075 242 3141 eolis
265 3076 452 3154 subsistens,
490 3078 596 3141 tamen
625 3077 658 3140 in
681 3075 750 3140 aliis
771 3075 859 3141 velut
881 3097 948 3161 pao.
966 3085 1027 3141 346
1058 3079 1144 3143 omni
1166 3080 1275 3143 carent
1332 3083 1336 3091 '

166 3198 267 3246 sensu.
319 3181 411 3246 facile
444 3180 543 3264 igitur
579 3179 774 3265 intellegitur
806 3180 973 3247 falsissime
1007 3181 1204 3247 Dindoriium
1240 3182 1275 3246 in

165 3284 274 3350 eodem
310 3285 427 3350 scholio
456 3285 560 3350 verbis
591 3284 692 3369 διπλῆ
721 3279 776 3346 καί
798 3283 833 3367 ί)
864 3286 926 3347 τῶν
955 3280 1076 3366 ὁμοίιον
1106 3280 1275 3350 ἑκκαίδεκα

166 3388 321 3454 addidisse
345 3408 456 3455 voeem
484 3383 649 3466 είσθεσις,
684 3407 759 3452 nam
788 3406 851 3452 non
875 3407 982 3452 omnes
1010 3389 1103 3453 huius
1128 3389 1274 3456 carminis

166 3513 275 3560 versus
297 3494 434 3577 ponendi
458 3496 532 3559 sunt
554 3491 587 3556 έν
608 3487 769 3570 adelinae,
795 3491 850 3556 sed
866 3493 904 3557 ob
921 3511 1071 3558 versuum
1086 3494 1275 3559 varietatem
1357 3505 1364 3520 ·

166 3596 220 3662 alii
242 3593 276 3660 έν
297 3593 459 3677 studiose,
491 3597 546 3662 alii
569 3593 602 3660 έν
624 3591 756 3658 ἐκθέσει
777 3596 809 3659 et
830 3596 886 3660 alii
909 3594 943 3659 ἐν
965 3593 1144 3660 insedisse
1160 3597 1276 3681 scripti

167 3704 249 3769 sunt.
294 3700 511 3786 corrigendum
538 3702 645 3765 autem
667 3700 716 3763 est
741 3700 800 3762 hoe
822 3699 909 3778 loeo,
947 3698 1047 3786 διπλῆ
1070 3698 1125 3763 καὶ
1148 3698 1274 3786 (μέλος)

96 3835 99 3844 ·
167 3800 289 3887 ὁμοίιον
310 3807 371 3869 τῶν
392 3799 564 3869 ἑκκαίδεκα
586 3796 714 3880 κοίλων,
741 3802 773 3865 id
801 3804 884 3884 quod
906 3804 1054 3886 permulti
1076 3804 1139 3869 leci
1162 3805 1274 3870 confir·

165 3912 263 3975 mant.
288 3909 347 3984 >ob
372 3910 502 3975 eandem
525 3928 651 3973 eausam
672 3908 707 3970 iu
727 3907 823 3971 schol.
842 3914 903 3971 616
927 3908 1023 3972 verba
1039 3909 1146 3974 eedem
1168 3903 1274 3994 ‚,(ei'o-

167 4017 261 4090 θεοις
282 4009 367 4097 εἰς)“
394 4033 412 4078 a
433 4013 605 4078 recentiore
628 4030 724 4076 manu
745 4010 886 4094 profecta
909 4010 1040 4076 delenda
1062 4015 1144 4077 sunt.
1190 3999 1199 4015 ⁹

255 4117 459 4183 Grammatioi
481 4116 662 4200 posterioris
692 4115 842 4196 temporis
873 4115 929 4178 has
952 4134 1044 4179 voees
1073 4109 1221 4194 εἰόθεσις
1244 4120 1276 4182 et

166 4217 297 4299 έκθιοις
320 4241 376 4288 sua
398 4221 431 4286 in
453 4221 574 4289 soholie
592 4219 858 4302 transcripserunt
887 4217 950 4282 alia
972 4218 1004 4283 vi
1027 4219 1171 4286 subiecta
1194 4214 1275 4304 (εἴσ-
