2864 4846
1218 206 1269 262 123

97 372 101 377 ’
156 369 261 436 ratum
284 368 394 435 referri
415 368 557 452 possunt.
602 366 714 434 deinde
737 367 860 444 autem,
890 367 927 432 ut
948 365 982 431 in
1006 364 1094 431 schol
1112 384 1179 451 pac.
1196 372 1269 446 301,

157 493 237 559 qnae
258 474 408 558 leguntur
430 473 526 539 verba
545 465 597 558 ὑφ’
621 463 675 549 οὓς
697 471 860 538 referenda
883 470 1017 536 suntad
1039 488 1165 550 versus,
1191 489 1269 554 quos

155 579 249 662 paulo
286 580 359 644 ante
398 578 655 656 commemoraui,
709 573 943 663 τετραμέτρους
979 573 1139 656 (similiter
1172 577 1269 642 schol.
1376 583 1381 590 “

157 688 220 748 383
251 683 285 747 et
316 686 430 761 1353),
465 683 511 748 sio
540 683 573 748 et
598 681 631 746 in
659 682 755 748 schol.
784 680 920 747 Acbarn.
945 686 1025 757 347,
1053 685 1115 744 566
1155 679 1270 746 similia

155 787 232 852 haec
256 781 336 872 ,ὕφ’
361 779 380 851 ὃ
403 785 526 873 tantist
550 786 706 870 pertinere
727 784 766 850 ad
793 784 964 852 novissima
986 783 1155 867 superioris
1177 784 1269 850 scho-

156 891 192 956 lii
214 892 310 957 verba
336 892 370 958 in
397 892 505 974 aperto
531 893 588 959 est.
633 910 725 957 nemo
750 891 856 955 autem
878 888 932 973 qui
953 888 1169 954 annotationes
1194 908 1268 955 oon·

156 996 266 1061 scribit
292 996 326 1060 in
347 996 468 1075 codice,
508 995 566 1060 duo
590 995 710 1062 scholia
740 994 845 1078 aliquo
874 991 969 1077 spatii
996 992 1164 1058 intervallo
1186 993 1269 1058 inter

155 1117 189 1165 se
217 1097 374 1164 disiuncta
403 1099 471 1163 ,hoo
505 1097 599 1163 modo
637 1097 721 1162 inter
750 1116 783 1162 ss
817 1096 1006 1179 coniungere
1035 1095 1124 1164 solet.
1167 1115 1268 1179 neque

155 1202 286 1267 minoris
310 1202 385 1267 sunt
407 1201 576 1281 momenti,
595 1220 674 1284 quae
690 1202 839 1286 leguntur
853 1199 886 1265 in
902 1199 998 1267 schol.
1014 1219 1082 1285 pao.
1095 1206 1157 1267 371
1174 1201 1270 1267 verba

154 1303 204 1371 τὸ
226 1303 297 1388 μὲν
320 1311 377 1370 τοῦ
399 1301 587 1390 ὑποκριτοῦ.
632 1325 706 1370 nam
735 1304 812 1371 talia
837 1304 864 1370 is
891 1305 976 1370 solus
999 1305 1135 1371 scribere
1155 1305 1269 1388 potest,

88 1437 93 1442 ·
155 1411 210 1494 qui
232 1411 293 1477 duo
315 1409 434 1476 scholia
454 1410 537 1476 inter
553 1429 586 1476 se
602 1409 787 1493 excipientis
808 1409 841 1474 in
856 1408 936 1474 libro
953 1410 1121 1493 componit.
1156 1409 1268 1476 dosunt

155 1516 262 1580 autem
284 1515 317 1579 in
340 1515 439 1580 altero
461 1515 582 1580 scholio
607 1513 717 1593 verba,
742 1531 819 1597 quaa
839 1512 903 1578 illis
918 1512 1129 1596 respondeant
1150 1509 1204 1594 (τὰ
1219 1510 1267 1593 δὲ)

156 1639 174 1684 a
201 1618 335 1684 librario·
361 1620 491 1697 omissa,
530 1618 585 1684 sed
619 1618 846 1702 interponenda
875 1619 949 1701 post
976 1616 1086 1703 διπλῇ.
1116 1614 1169 1697 (τὰ
1199 1616 1268 1696 da).
1384 1644 1386 1648 ·

156 1722 267 1788 deinde
289 1723 323 1787 in
348 1724 445 1789 schol.
467 1742 535 1808 pao.
553 1730 614 1790 733
637 1722 784 1788 vocabuli
804 1721 1017 1806 fragmentum
1039 1718 1267 1804 (ἅνανιαιοτικ)

155 1827 245 1893 nobis
267 1826 419 1905 occurrit,
449 1826 531 1910 quod
553 1826 628 1910 quid
649 1825 710 1890 sibi
730 1826 816 1903 velit·
835 1827 895 1890 hoc
924 1825 993 1891 loco
1014 1825 1142 1891 minime
1164 1827 1270 1910 potest

154 1930 307 2014 intellegi.
365 1931 562 1997 referendum
598 1932 704 1996 antam
734 1931 781 1995 ast
816 1930 856 1996 ad
888 1928 1078 2012 praecedens
1114 1930 1269 1996 scholium

117 2048 118 2052 ’
156 2039 237 2119 (pac.
260 2043 278 2102 7
283 2040 337 2115 29)
354 2035 516 2119 eidemque
531 2034 750 2113 adiiciendum,
769 2036 839 2111 τοῖς
854 2028 964 2110 ἄλλοις
980 2027 1267 2117 (ἀναιιαιστικοῖς).

156 2139 289 2221 denique
310 2139 343 2203 in
367 2139 472 2205 annot.
489 2158 536 2222 eq.
554 2147 615 2204 997
637 2140 714 2203 haec
737 2138 827 2203 nebis
843 2137 938 2208 verbs
953 2137 1130 2217 traduntur,
1153 2137 1267 2225 διπλῆ·

154 2237 207 2308 ὅτι
229 2238 369 2307 εἰσίασιν
393 2237 423 2307 oi
447 2237 638 2328 ὑποκριταί,
677 2242 807 2309 cumin
838 2229 949 2307 ceteris
979 2241 1122 2307 omnibus
1143 2241 1269 2327 signum

156 2345 311 2413 coronidis
340 2348 620 2426 commemoretur,
656 2345 711 2411 nbi
730 2346 898 2412 histriones
925 2345 958 2410 in
980 2364 1105 2412 scenam
1126 2346 1266 2412 redeunt.

155 2451 408 2535 comparantibus
433 2452 539 2517 autom
560 2449 729 2535 superioris
745 2450 857 2516 scholii
873 2450 963 2528 (973)
978 2449 1149 2516 novissima
1164 2451 1268 2529 verba,

154 2551 181 2641 ἡ·
205 2552 240 2619 δὲ
266 2548 302 2634 ς’
330 2553 412 2638 μετὰ
452 2549 643 2639 κορωνίδος,
684 2555 711 2620 si
742 2554 792 2620 his
825 2553 1033 2638 adiungamus
1063 2554 1173 2620 scholii
1204 2561 1265 2622 997

97 2643 104 2648 ’
155 2660 251 2726 verba
272 2654 323 2724 ὅτι
344 2653 484 2723 εἰσίασιν
514 2652 545 2722 οὶ
575 2653 766 2744 ὑποκριταί,
805 2659 883 2724 haec
905 2659 966 2725 duo
994 2647 1112 2724 scholia
1134 2664 1211 2739 (973
1235 2661 1268 2725 ct

157 2762 234 2851 997)
257 2762 411 2847 quomodo
434 2762 601 2829 coniuncta
627 2763 759 2842 fuerint,
796 2762 978 2846 planissime
1005 2763 1177 2846 apparebit.
1222 2763 1267 2828 Ut

156 2869 261 2932 autem
297 2869 383 2933 totus
415 2867 494 2933 liber
526 2867 569 2933 sit
602 2867 787 2947 continuus,
823 2867 993 2933 scholiasta
1026 2866 1109 2933 inter
1142 2867 1268 2953 singula

155 2971 275 3037 scholia
302 2971 492 3054 interposuit
518 2972 615 3037 verba
644 2966 721 3057 ,ὑφ’
751 2963 796 3036 ὃ“
825 2965 889 3056 (ὑφ’
911 2966 988 3052 οὓς,
1021 2964 1072 3056 ὑφ’
1099 2966 1150 3055 ἃ),
1189 2990 1267 3055 quae

155 3075 278 3153 eadem,
316 3094 378 3159 quo
401 3074 471 3139 loco
500 3075 626 3158 signum
654 3072 773 3160 διπλῆς
801 3075 856 3140 ant
878 3068 1055 3160 κορωνίδος
1081 3075 1123 3140 sit
1148 3074 1267 3140 adscri-

154 3179 291 3245 bendum
305 3177 461 3256 indicent,
485 3178 523 3243 cf.
540 3177 637 3243 schol.
652 3196 721 3264 pac.
738 3184 811 3256 301,
829 3183 929 3256 1329,
951 3178 1087 3245 Acharn.
1103 3185 1176 3257 347,
1193 3184 1267 3244 566.

241 3284 309 3348 Has
331 3301 442 3348 causas
458 3282 601 3348 sufficere
617 3281 760 3348 existimo
785 3280 824 3348 ad
840 3281 1133 3359 demonstrandum,
1156 3282 1267 3347 Helio·

155 3389 267 3455 dorum
285 3389 467 3455 continuam
492 3406 530 3452 ao
551 3388 734 3470 perpetuam
758 3381 976 3473 κιολομετρίαν
1000 3378 1266 3473 Ἀριστοφάνειον

155 3494 375 3575 composuisse.
420 3491 661 3577 grammaticum
695 3493 818 3570 autem,
857 3491 910 3576 qui
932 3490 1062 3558 eandem
1086 3491 1120 3557 in
1149 3490 1267 3557 scholia

154 3598 369 3676 transtulerit,
392 3598 608 3682 intellegimus
628 3598 772 3663 cosmato
794 3597 885 3663 nobis
907 3597 1073 3662 tradidisse
1090 3596 1186 3661 verba
1200 3597 1266 3662 He-

153 3701 275 3769 liodori.
307 3722 378 3767 cum
399 3703 437 3767 ob
456 3704 538 3767 hano
557 3721 698 3781 causam,
721 3704 791 3768 tum
807 3700 889 3786 quod
904 3700 1145 3768 omnia-scholia
1159 3702 1267 3766 vetera

154 3808 219 3872 tam
246 3806 386 3873 breviter
415 3808 447 3872 et
474 3824 580 3891 presse
609 3807 684 3872 sunt
715 3807 907 3888 conscripta,
942 3806 1051 3872 utrix
1078 3825 1141 3871 uno
1170 3806 1265 3872 verbo

154 3912 276 3994 possint
304 3930 426 3989 carere,
461 3928 523 3974 non
551 3909 689 3976 alienum
712 3909 838 3976 videtur
860 3909 1028 3994 suspicari,
1059 3910 1098 3976 iis
1119 3909 1265 3994 exceptis,

155 4035 233 4097 quae
262 4013 393 4080 delenda
423 4014 586 4093 annotavi,
622 4014 655 4079 in
686 4015 812 4083 scholiis
841 4015 1000 4081 veteribus
1028 4014 1266 4098 Aristophaneis

154 4138 249 4202 prope
279 4119 417 4204 genuina
439 4118 602 4184 Heliodori
631 4119 727 4185 verba
755 4119 794 4185 ad
821 4122 963 4187 nostram
990 4120 1175 4214 memoriam
1194 4139 1266 4204 pcr-

155 4242 284 4289 vemsse.
