2864 4846
154 219 189 274 50
442 292 444 296 .
572 214 678 272 Scholia
696 216 725 270 in
743 231 846 285 vespas.

184 377 1002 442 ’230-247..........

243 487 438 544 248—271.
483 476 539 544 τὸν
554 473 667 566 πρλόν,
691 471 716 542 ὦ
738 472 842 563 πάτερ
860 503 867 543 :
891 476 956 563 (Tb
972 476 1008 542 δέ
1022 477 1138 565 μέτρον
1162 474 1266 543 ἐντεῖν-

155 589 216 648 θεν
234 579 375 671 ῆλλαξεν.
411 578 482 646 έστι
517 580 596 669 ,Ῑχὰρ
631 575 780 664 ῖμικτόν,
817 579 972 646 συντεθέν
999 577 1034 646 έν.
1057 605 1092 646 τε
1115 578 1268 665 ἰαμβικοιῖ

159 685 328 772 3ιλιμέτροο
357 678 580 772 ύκαταλῆκτου
615 684 671 749 καὶ
702 681 928 772 ι’θυφαλλικοῖ.
973 681 990 749 ὃ
1021 684 1057 750 δὲ
1085 682 1269 770 ῖθύφαλλος

152 789 322 878 τροχαῖκῆν
345 785 491 875 συζυγίαν
512 785 576 871 ἔχει
598 785 747 875 δι’μετρον
772 783 1086 875 βραχυκατύλῆκτον,
1118 787 1267 868 τουτέστι

154 898 241 982 τρεῖς
263 890 452 981 τροχαίοος.)

244 1021 356 1078 272-
401 1005 582 1096 ῆστύντεςε
611 1009 684 1096 Πρὸ
718 1014 781 1075 τῶν
817 1016 927 1096 θυρῶν
960 1015 1017 1076 τοῦ
1049 1009 1268 1088 Φιλοκλέωνος

156 1114 289 1194 στάντες
312 1111 343 1180 οὶ
366 1121 422 1179 τοῦ
451 1119 548 1200 χοροῦ
576 1114 613 1180 τὸ
647 1112 806 1197 στάσιμον
833 1110 949 1202 ᾄδουσι
978 1112 1083 1198 μέλος.
1120 1118 1183 1180 τῶν
1206 1113 1266 1201 χὰρ
1320 1190 1323 1196 ,

152 1225 287 1308 χορικῶν
323 1218 428 1302 μελῶν
466 1217 507 1282 τὰ
543 1216 601 1301 μέν
640 1217 709 1284 ἐστι
749 1218 929 1306 παροδικοῖ,
975 1215 1019 1296 ῶς
1050 1219 1087 1284 τὸ
1128 1214 1268 1300 ,,οῖέναοι

156 1322 305 1413 νεφέλαι,
339 1314 493 1408 οῖρθῶμεν
515 1318 655 1409 φανεραί
661 1328 691 1402 ‚“
729 1319 844 1388 καὶτὸ
869 1319 1267 1410 προειρημένονὲνταῖθα

155 1425 277 1512 ,,χιύρει
320 1422 467 1513 πρόβαιν>
506 1424 728 1513 ἐρρωμένιυς.“
780 1425 822 1490 τὰ
864 1425 900 1492 δέ
939 1425 1094 1510 στάσιμα,
1142 1421 1185 1504 ῶς
1228 1424 1267 1491 τὸ

155 1526 272 1616 παρόν.
307 1529 363 1595 καὶ
395 1520 471 1616 παρ)
492 1526 649 1616 Αἰσχύλῳ
676 1582 694 1611 ,,
704 1528 806 1595 στένω
827 1552 864 1620 σε
885 1537 943 1608 τοῖς
964 1524 1141 1614 οὐλομένας
1162 1523 1268 1611 τύχας,

156 1638 368 1723 Προμηθεῦ.“
388 1632 429 1699 τὰ
452 1631 488 1699 δέ
510 1631 764 1721 προφδικύ,·’τὰ
791 1632 827 1699 δέ
850 1633 1029 1721 μεσφδικύ,
1059 1634 1098 1698 τὰ
1123 1634 1159 1699 δὲ
1182 1632 1267 1720 ε’πφ-

157 1737 248 1817 δικά,
278 1736 354 1823 περὶ
384 1729 427 1802 ὦν
457 1734 648 1824 προείρηται
677 1735 765 1816 τίνος
791 1733 883 1825 χάριν
916 1736 999 1804 ούτω
1020 1740 1200 1819 καλοῖνται,
1226 1736 1268 1803 τὰ

156 1840 192 1907 δέ
215 1838 344 1922 έξοόικὰ
366 1837 386 1929 ἢ
407 1836 648 1928 ύποχωρητικύ,
670 1839 754 1927 ἅπερ
770 1840 828 1907 ἐπὶ
848 1848 888 1930 τῆ
904 1840 1004 1927 ἐξόδῳ
1024 1845 1082 1907 τοῦ
1105 1836 1269 1926 δράματος

156 1941 285 2033 ᾄδεται,
306 1941 351 2022 ῶς
374 1942 406 2009 έν
429 1949 475 2031 τῷ
496 1938 646 2010 Πλούτου
673 1939 815 2030 δράματι
836 1944 874 2010 τὸ
897 1998 915 2027 ,,
927 1937 1034 2011 οὐκέτι
1055 1953 1111 2010 νῦν
1132 1937 1159 2030 χ)
1181 1942 1269 2022 εἰκὸς

155 2046 282 2132 μέλλειν
305 2039 372 2113 ούῶ
393 2045 493 2136 ἡμᾶς,
531 2038 598 2112 ἀλλ’
622 2038 793 2135 ἀναχωρεῖν
815 2044 862 2125 εἷς
882 2043 1095 2116 τούπισθενέ(
1139 2049 1190 2114 δεῖ
1209 2047 1268 2135 γὰρ

155 2145 294 2217 κατόπιν
316 2146 438 2217 τούτων
460 2147 595 2239 ᾄδοντας
618 2149 815 2238 ἕπεσθαι.“]]

247 2272 433 2339 τιν’-σεε
436 2324 1000 2339 ............
1039 2297 1041 2303 ·
1048 2324 1267 2340 .....

246 2385 440 2446 365-370.
488 2369 597 2462 [[οῖλλὰ
628 2383 683 2442 νῦν
714 2372 888 2463 έκπόριζεε
921 2376 973 2440 Ἡ
999 2370 1160 2463 ἀμοιβαῖα
1190 2376 1268 2465 αὕτη

158 2481 283 2570 στροφὴ
316 2477 420 2547 έσικεν
451 2473 535 2546 εἶναι
565 2477 762 2570 ἄντιστροφῆ
793 2487 851 2568 τῆς
880 2476 949 2546 ιῖνω
976 2480 1130 2570 ῥῆβείσῆς
1151 2476 1269 2565 ὁμοίας

158 2591 315 2674 στροφῆς,
352 2576 420 2651 ἀλλ’
451 2581 539 2651 ἔστιν
570 2584 711 2674 έλλιπῆς.
749 2583 866 2667 στίχων
896 2579 957 2672 χάρ
985 2583 1055 2651 ἐστι
1083 2583 1139 2651 καὶ
1159 2584 1270 2651 κῶλων

158 2682 259 2767 ὀκτώ,
284 2681 326 2755 ῶν
345 2686 531 2776 τὸπρῶτον
553 2689 723 2776 τροχαϊκὸν
744 2685 952 2776 τετράμετρον
970 2684 1208 2779 καταλῆκτικόν.
1229 2687 1267 2754 τὸ

158 2789 192 2877 β’
223 2791 374 2878 ἰαμβικὸν
401 2791 551 2880 δίμετρον
579 2786 801 2882 οῖκατύληκτον
828 2792 882 2858 καὶ
912 2792 950 2858 τὸ
975 2793 1017 2873 ς’.
1060 2793 1102 2858 τὰ
1126 2785 1160 2858 δ’
1188 2788 1269 2858 ι’λλλα

158 2894 254 2981 ὅμοια
276 2901 324 2984 τῷ
346 2895 467 2984 πρῶτφ
489 2895 548 2962 έπὶ
571 2901 619 2984 τῷ
640 2895 725 2963 τέλει
747 2894 909 2985 κοριανίς.]]

249 3024 435 3083 370-414
437 3069 1056 3084 .............
1091 3052 1109 3084 ·.
1156 3070 1163 3084 .
1208 3070 1215 3083 .
1261 3070 1268 3084 .

247 3145 441 3204 415-462.
489 3131 542 3224 [[ῶ
572 3131 685 3224 ’χαβοὶ
712 3138 750 3204 τὸ
776 3143 934 3225 πρᾶχμαε
964 3134 1123 3217 Εἴσθεσις
1152 3139 1270 3227 διπλῆς

159 3232 337 3327 οῖμοιβαίας
359 3240 395 3307 ἐκ
418 3238 534 3323 στίχων
553 3236 620 3330 μῆ,
652 3233 696 3306 ῶν
718 3242 751 3306 οἱ
779 3247 905 3329 πρῶτοι
926 3246 1013 3328 τρεῖς
1032 3241 1194 3328 τροχαϊκολ
1217 3265 1270 3307 τε-

159 3344 331 3433 τράμετρον
354 3342 591 3433 καταληκτικοί.
614 3341 644 3411 οῖ
669 3341 741 3434 ἑξῆς
765 3339 823 3410 δύο
839 3339 1088 3411 ἀντισπαστικοὶ
1105 3342 1270 3432 τρίμετροι

159 3441 377 3536 οἷκατάλῆκτοι
400 3448 646 3534 έπιμεμιχμένοι
669 3447 851 3537 έπιτρίτοις
874 3449 928 3515 καὶ
951 3445 1126 3534 ύιιάμβοις.
1151 3445 1182 3514 οῖ
1198 3445 1271 3537 ἑξῆς

159 3548 279 3619 τούτων
302 3552 386 3619 ὀκτῶ
407 3553 573 3641 τροχαῖκοὶ
596 3548 802 3646 τετρύμετροι
825 3551 934 3638 ὅμοιοι
953 3558 1024 3632 τοῖς
1048 3548 1200 3640 πρώτοις.
1238 3548 1270 3616 οῖ

160 3656 281 3724 τούτων
312 3652 384 3745 ἑξῆς
401 3655 438 3741 β’
460 3649 712 3724 ἇντισπαστικοὶ
733 3654 898 3746 τρίμετρον
927 3656 1035 3741 ὅμοιοι
1064 3661 1135 3735 τοῖς
1157 3660 1271 3744 ῥηθεῖ-

249 3885 263 3938 1
282 3881 337 3956 γὰρ
355 3899 406 3937 orn.
425 3882 457 3936 V.
535 3882 552 3934 2
570 3881 673 3957 μικρὸν
690 3882 722 3936 V.
793 3883 810 3936 3
829 3884 960 3956 ῶτμέτρου
981 3881 1169 3950 ιῖκατιιλήκτασ
1188 3881 1269 3936 Dind.

159 3970 300 4038 legebatur
319 3974 462 4043 τριμέτρον
482 3969 676 4035 ἀντιλιμιτικοῦ
694 3970 868 4039 (ἀντιληκτοῦ
885 3968 938 4037 V.).
965 3968 1046 4023 verba
1063 3985 1130 4038 quae
1151 3985 1269 4038 sequun-

159 4059 205 4111 tur
223 4057 338 4111 fortasse
356 4056 394 4109 sic
412 4057 476 4108 sunt
493 4053 672 4109 emendanda:
691 4057 706 4108 ὁ
726 4057 757 4108 δὲ
775 4053 998 4126 ἰθυφαλλ(ικ)ός,
1018 4056 1150 4128 οιμετρον
1168 4062 1269 4128 βραχυ-

161 4140 343 4208 ιιατύληκτον,
366 4140 518 4215 τροχαῖκὴν
545 4143 678 4210 συζυγίαν
700 4143 757 4211 ἔχει
781 4143 837 4207 (καὶ
856 4140 958 4207 πόιλα),
978 4144 1101 4193 τουτέστι,
1118 4147 1189 4214 τρεῖς
1205 4161 1268 4213 τρα-

158 4234 257 4299 χαίοας
