2864 4846
561 231 670 286 Scholia
685 231 713 286 in
733 231 844 301 equites.
1224 232 1259 288 59

236 397 429 457 973-996.
474 387 604 477 ῆδιστον
626 383 741 478 φάοςι
771 388 929 477 Κορωνίς.
964 387 1069 471 ἐξίασι
1093 388 1152 477 γὰρ
1175 387 1257 456 ὓπο-

149 489 267 580 κριταί.
291 492 347 558 καί
362 491 395 559 ἐν
410 491 557 560 εὶσθέσει
571 501 628 560 τοῦ
647 496 744 581 χοροῦ
767 489 840 575 ἑξὰς
860 493 1098 583 μονοστροφικῆ
1127 487 1257 581 1τετρῶ-

149 598 250 676 κωλος
270 590 351 664 οὖσα
372 596 431 676 τὰς
452 592 625 686 περιόδους
647 596 684 663 ἐκ
703 603 800 685 τριῶν
821 599 1015 683 χλυκωνεὶων
1048 596 1170 686 2[ποτὲ
1198 595 1257 680 μέν

147 698 183 781 ἐξ
205 698 387 789 ἐπιτρίτου,
411 700 494 768 ποτέ
517 701 553 768 δέ
573 698 772 786 διτροχαίου,
795 698 827 766 ἐν
842 699 878 767 δὲ
892 704 940 788 τῷ
955 700 988 787 χ’
1008 700 1065 767 καὶ
1077 696 1257 789 χορισίμβου

147 803 203 871 καὶ
225 799 410 890 διιοίμβου],
447 804 581 871 καὶτοῦ
603 802 839 894 φερεκρατείου.
875 811 1037 894 συνῆπται
1057 802 1093 870 δέ
1115 807 1154 892 τῆ
1173 801 1258 882 λέξει

146 906 202 973 καὶ
224 905 322 992 μόνον
337 909 540 998 διακέκριται
554 910 591 976 τδ
608 909 841 998 φερεκράτειον.
866 905 1101 998 [έιμθῆμιμερές
1116 907 1153 975 δέ
1169 906 1256 974 ἐστιν

147 1008 184 1092 ἐξ
203 1008 372 1099 ἐπιτρίτου
400 1011 570 1100 τετάρτου,
601 1001 840 1102 ῆδιτροχαίου,
879 1013 935 1079 καὶ
955 1010 1105 1098 βακχείου
1130 1009 1256 1096 συγκεί-

145 1121 266 1202 μενον]
303 1111 514 1205 παράχραιροι
536 1117 573 1184 δέ
595 1115 702 1185 ἁπλαῖ
723 1117 780 1202 μὲν
800 1117 912 1200 πέντε,
936 1115 955 1207 ῆ
978 1116 1015 1185 δὲ
1039 1139 1059 1198 ς
1066 1113 1073 1136 '
1094 1115 1149 1182 καί
1175 1115 1256 1201 μετὰ

146 1217 328 1308 κορωνίδος.
361 1224 475 1305 [ταῦτα
498 1221 534 1288 δέ
557 1221 647 1310 παρὰ
670 1221 712 1288 ‘coi
735 1217 936 1309 Εὐριπίδου]

235 1349 452 1408 997—1013.
498 1338 568 1408 ἰδοὺ
597 1340 750 1409 θέασαιτ
784 1339 951 1430 [Κορωνὶς
973 1338 1137 1408 εἰσιόντων
1158 1335 1257 1420 αὖθις

145 1450 209 1512 τῶν
234 1442 428 1531 ὑποκριτῶν.
473 1442 504 1511 οἱ
533 1445 569 1512 δέ
592 1442 698 1526 στίχοι
725 1442 871 1530 ἱαμβικοὶ
894 1443 949 1510 καί
970 1444 1156 1513 δακτυλικοὶ
1179 1445 1256 1512 ἐννε-

145 1549 280 1638 νήκοντα
301 1549 344 1630 ἐξ.
381 1540 424 1614 ῶν
445 1547 662 1635 προτίθενται
687 1547 791 1631 στίχοι
814 1546 962 1633 ἰαμβικοί
986 1548 1152 1636 τρίμετροι
1174 1542 1255 1615 ἄκα-

144 1649 296 1742 τοίληκτοι
318 1649 371 1735 ιζ’.
393 1653 431 1720 τὸ
454 1654 513 1742 γὰρ
537 1649 576 1720 ιε’
600 1649 750 1740 δίμετρόν
772 1652 860 1719 ἐστιν
882 1649 1111 1742 δκατιίλῆκτον.
1134 1652 1192 1720 ἐπὶ
1210 1657 1257 1741 τῷ

145 1756 230 1824 τέλει
258 1753 484 1846 παράχραφος.
526 1756 603 1844 περὶ
630 1756 666 1823 δέ
696 1763 763 1822 τῶν
793 1752 865 1846 ἐξῆς
896 1755 930 1824 ἐν
961 1754 1080 1848 ἑκάστῃ
1113 1753 1255 1846 περιόδῳ

145 1858 330 1950 εἰρήσεται]

236 1991 320 2048 1014
331 2022 371 2030 -
382 1991 475 2049 1019.
509 1980 625 2067 [δίκουε
640 1984 678 2072 δῆ
695 1985 747 2048 νῦν
763 2009 770 2049 :
790 1980 827 2049 ‘0
841 1990 972 2071 πρῶτος
986 1980 1095 2066 στίχος
1110 1981 1256 2049 ἐνταῦθα

146 2085 297 2170 ἰαμβικὸς
326 2082 495 2173 τρίμετρος
523 2079 750 2175 δκατιίληκτος.
795 2083 825 2152 οὶ
854 2086 890 2153 δέ
919 2083 989 2176 ἑξῆς
1009 2086 1043 2167 ς’
1073 2086 1256 2153 δακτυλικοὶ

145 2185 316 2277 ἐξαμετροι
338 2189 576 2278 καταληκτικοί.
600 2190 659 2257 ἐπὶ
680 2197 729 2279 τῶ
751 2190 837 2257 τέλει
859 2187 1098 2280 παράχραιμος]

234 2319 472 2378 1020-1029,
521 2311 632 2400 [ταυτί
662 2311 709 2394 μδ
737 2311 793 2401 τῆν
817 2307 1003 2400 Ιῆμητραε
1036 2309 1077 2379 Oi
1098 2309 1169 2403 ἑξῆς
1192 2319 1255 2379 τῶν

144 2412 316 2502 εἰρημένων
340 2406 427 2480 οὗτοι
458 2412 562 2497 στίχοι
591 2412 741 2500 ίαμβικοί
763 2413 827 2482 εἱσι
851 2413 1016 2504 τρίμετροι
1039 2413 1255 2505 οίκατοίλῆκτοι

145 2517 243 2584 ἐννέα.
277 2516 336 2584 ἐπὶ
360 2524 407 2605 τῷ
429 2519 515 2585 τέλει
536 2513 775 2607 παράχραφος.]

235 2648 472 2707 103οΔ-1034.
519 2633 589 2724 [Ἐν
622 2638 755 2706 ἐκθέσει
786 2640 822 2707 δέ
857 2638 962 2723 στίχοι
996 2638 1026 2708 ε’
1059 2639 1254 2724 δακτυλικοί,

147 2736 196 2831 ἐφ’
222 2736 264 2808 ῶν
286 2748 332 2830 τῶ
353 2743 440 2810 τέλει
462 2739 701 2832 παράχραφος]

234 2867 471 2928 1035---1040
519 2861 574 2950 [νῆ
606 2859 662 2929 τδν
692 2864 846 2929 Ποσειδῶ
861 2888 869 2929 :
900 2862 991 2950 Πρδς
1018 2862 1073 2930 τδν
1102 2859 1256 2931 ἀλλαντο-

145 2962 257 3052 πιίλῆν
285 2961 429 3048 ὁλόχος.
451 2968 514 3030 τῶν
534 2957 564 3030 δ
586 2961 659 3055 ἐξῆς
676 2964 796 3032 τοίτων
823 2961 861 3048 ἐξ
891 2964 1008 3049 στίχων
1031 2964 1048 3032 δ
1071 2966 1131 3051 μέν
1151 2966 1195 3047 α’,
1218 2967 1256 3052 β’

145 3065 301 3152 ἶαμβικοί.
337 3063 381 3158 οἱ
403 3066 439 3133 δέ
461 3067 575 3134 λοιποὶ
597 3067 752 3157 τέσσαρες
784 3068 976 3140 δακτυλικοί.
1014 3069 1072 3138 ἐπὶ
1103 3077 1148 3160 τῷ
1170 3070 1256 3138 τέλει

145 3165 384 3260 παρέτεινεν]

235 3283 474 3344 1041-1050,
520 3271 619 3362 [ταῦτ’
642 3275 713 3345 ἴσθ’
728 3275 779 3344 δτι
796 3331 802 3344 .
822 3271 878 3345 Ἐν
902 3278 1034 3347 ἐκθέσει
1057 3278 1171 3366 ἴαμβοι
1185 3279 1255 3370 τρί-

141 3402 253 3466 μετροι
275 3374 489 3467 δκατάληκτοι
513 3379 601 3447 δέκα.
633 3379 682 3469 ἐφ’
704 3374 749 3446 ῶν
770 3387 817 3470 τῷ
838 3381 922 3449 τέλει
945 3379 1184 3472 παράχραιρος]

235 3505 315 3565 1051
328 3508 471 3566 -1060,
512 3500 570 3588 [μῆ
593 3497 716 3567 πείθου
733 3527 740 3568 :
767 3498 808 3567 Oi
825 3499 898 3590 ἐξῆς
914 3495 1001 3569 οὗτοι
1017 3500 1121 3587 στίχοι
1138 3507 1255 3572 δακτυ-

145 3599 231 3666 λικοί
252 3600 317 3668 εἰσι
338 3601 425 3669 δέκα.
455 3595 497 3668 ῶν
518 3602 577 3670 ἐπὶ
600 3610 646 3691 τῷ
666 3604 752 3670 τέλει
775 3603 1012 3694 παράχραφος]

232 3731 313 3789 1061
325 3764 366 3773 --
378 3733 471 3791 1066.
515 3721 532 3792 δ
548 3725 673 3809 μισθὸς
687 3719 937 3814 ἀποδοθήσεται
953 3752 961 3793 :
983 3723 1054 3811 [Ὡς
1068 3735 1125 3794 τοῦ
1143 3727 1255 3796 Κλέω-

141 3850 194 3906 νος
215 3818 481 3913 α’ποστεροῦντος,
527 3827 561 3896 ἐν
584 3827 716 3897 ἐκθέσει
740 3822 773 3895 δ>
799 3826 914 3915 ἴαμβοι
940 3831 983 3911 ἐξ.
1020 3831 1078 3898 ἐπὶ
1101 3839 1149 3922 τῶ
1170 3833 1255 3901 τέλει

142 3925 376 4019 παράχραφος]

232 4159 245 4211 1
262 4156 341 4224 Apud
353 4157 528 4212 Heliodorum
549 4157 691 4226 legebatur
709 4155 897 4230 τετρακῶλους
916 4161 1018 4228 ἔχουσα
1037 4161 1085 4221 τὰς
1097 4163 1251 4235 περιόδους.

141 4243 158 4296 2
177 4241 266 4296 Verba
286 4243 411 4298 cancellis
431 4246 507 4312 sepia
526 4246 590 4298 sunt
607 4243 764 4299 recentioris
782 4246 961 4314 grammatici.
1000 4247 1033 4301 cf,
1054 4252 1252 4322 κωλομειρίαυ.
