2864 4846
572 269 679 326 Scholia
696 271 724 325 in
743 272 853 342 equites.
1234 276 1269 333 55

158 424 193 492 ἐκ
208 423 392 513 διτροχαίου
406 425 484 492 καί1
499 421 661 513 άιιάμβου.
692 423 765 518 ἑξῆς
780 426 816 495 δὲ
831 424 949 496 τούτων
965 428 998 495 ἐν
1015 428 1147 497 ἐκθέσει
1163 428 1270 515 στίχοι

158 527 214 595 δύο
235 527 384 614 ίαμβικοὶ
405 525 612 619 τετράμετροι
635 530 871 621 καταλῆκτικοί.
906 529 965 600 ἐπί
987 538 1059 613 ταῖς
1080 527 1269 604 άποθέσεσι

157 630 380 724 παράγραφος.
412 633 470 702 ε’πί
490 634 526 702 δὲ
545 641 593 724 τῷ
616 634 702 703 τέλει
724 634 893 725 κορωνίςῆζ

245 747 443 806 409-440.
487 736 577 806 οίίτοι
604 732 637 824 μ’
666 736 901 829 ὑπερβαλεῖσθ)
933 733 1103 829 άναιάείᾳε
1136 746 1269 832 2Λιπλῆ

157 842 213 910 καί
236 840 340 926 στίχοι
362 841 471 927 ὅμοιοι
493 848 563 922 τοῖς
585 838 649 909 άνω
669 842 735 929 λβ’.
766 837 810 910 ὦν
832 845 1015 923 τελευταῖος

332 962 403 1038 ιίυῆρ
423 961 459 1019 ιῖν
478 963 563 1030 ῆιλίως
582 962 665 1033 λάβοι
685 964 758 1034 [τοὺς
776 971 922 1040 τερθρίους
939 972 1040 1038 παρίει.

156 1062 206 1156 ἐφ’
230 1058 256 1154 ᾦ
276 1069 377 1155 διπλῆ
399 1062 460 1147 ἔξω
481 1067 662 1156 νενευκυῖα]

246 1196 307 1254 441
320 1195 443 1254 -497.
489 1185 540 1272 [τὸ
563 1179 677 1270 πνεῦμ’
703 1183 835 1254 ἔλαττον
858 1185 1004 1273 γίνεταιε
1034 1186 1192 1270 ’Έκθεσις
1211 1198 1269 1281 τῆς

158 1293 277 1380 διπλῆς
298 1290 335 1357 ἐκ
356 1289 465 1356 κώλων
486 1287 646 1375 ίαμβικῶν
670 1289 829 1380 διμέτρων
852 1287 1088 1380 άκαταλῆκτων,
1113 1294 1198 1384 πλὴν
1212 1302 1269 1363 τοῦ

157 1393 304 1483 δευτέρου
326 1394 512 1483 τριμέτρου,
542 1392 677 1460 καὶτοῦ
707 1391 948 1480 παρατελεάτου
972 1395 1185 1486 μονομίτρου,
1212 1397 1268 1467 καί

155 1504 212 1566 τοῦ
233 1495 415 1565 τελευταίου
438 1493 682 1585 ἓφθῆμιμεροῦς
711 1494 813 1576 ὄντος.
844 1494 917 1587 ἑξῆς
946 1498 982 1565 δὲ
1012 1500 1133 1566 τοάτιυν
1155 1499 1267 1592 τετρά-

154 1627 267 1689 μετροι
300 1601 456 1688 τέσσαρες
491 1599 733 1690 καταλῆκτικοί,
771 1601 803 1667 ἐν
837 1601 968 1689 ἐπιμελοῦ
998 1599 1087 1686 τάξει
1117 1603 1266 1690 κείμενοι.

154 1703 231 1791 μεθ)
253 1700 306 1785 olo
326 1702 492 1794 τρίμετροι
514 1697 739 1792 άκατάλιμτοι.
762 1702 821 1772 ἐπί
842 1710 890 1792 τῷ
903 1706 989 1772 τέλει
1009 1710 1066 1795 τῆς
1086 1707 1146 1791 μὲν
1168 1707 1268 1775 ἐκθέ-

155 1832 237 1888 σεως
263 1805 320 1876 δίο
348 1811 480 1888 διπλαῖ,
513 1805 611 1897 ῆμὲν
635 1808 668 1874 ἐν
691 1801 772 1896 άρχῆ
794 1814 851 1875 τοῦ
870 1805 988 1890 κώλου,
1027 1807 1104 1899 ῆδὲ
1126 1811 1209 1878 κατὰ
1228 1812 1267 1879 τὸ

155 1914 263 1992 τέλος·
283 1917 341 1979 τοῦ
363 1911 399 1978 δὲ
420 1911 623 2001 συστήματος
646 1912 801 2001 κορωνὶς.]

243 2024 441 2084 498-506.
487 2008 553 2081 ἀλλ’
577 2012 632 2082 ἴθι
653 2014 797 2104 χαίρων;
825 2020 952 2101 [Τοῦτο
975 2016 1029 2084 διὰ
1050 2016 1087 2085 τὸ
1109 2017 1191 2102 μετὰ
1211 2019 1268 2108 τῆν

154 2124 274 2211 διπλῆν
299 2117 463 2188 τίθεσθαι
492 2116 594 2186 ἔοικεν
619 2112 702 2186 εἶναι
725 2116 858 2198 ἔκθεσις
877 2125 934 2208 τῆς
955 2121 1081 2209 διπλῆς.
1124 2119 1189 2190 Διὸ
1211 2121 1267 2188 καί

153 2222 191 2291 τὸ
214 2223 453 2311 παρατέλευτον
469 2220 533 2306 iicet
549 2225 667 2306 κάλον,
692 2221 775 2312 ὅπερ
799 2220 880 2302 ἔθος
905 2222 939 2289 ἐν
960 2231 1000 2314 τῆ
1015 2222 1148 2291 ἐκθέσει
1170 2222 1266 2292 τίθε-

155 2334 248 2394 σθαι.
301 2328 356 2394 διὰ
385 2327 422 2394 δὲ
444 2327 482 2394 τὸ
505 2324 737 2414 προτίθεσθαι
765 2331 821 2415 τῆς
847 2327 1065 2416 παραβάσεως
1088 2327 1266 2411 κομμάτιον

152 2437 249 2519 χοροῦ
270 2427 507 2515 ὀνομάζεσθαι,
532 2428 576 2510 ὡς
599 2427 732 2519 είρῆται.
759 2429 860 2510 3ἔθος
873 2426 933 2520 γάρ
949 2428 1020 2498 ἔστι
1035 2429 1266 2519 προτίθεσθαι

154 2539 210 2622 τῆς
236 2528 463 2619 παραβάσεως.
506 2530 686 2619 κομμάτιόν
710 2534 797 2600 ἐστιν
827 2532 862 2601 ἐκ
885 2531 996 2607 κοίλων
1020 2531 1266 2602 άναπαιστικῶν

154 2637 207 2717 θ’,
244 2636 327 2724 πλῆν
356 2643 413 2704 τοῦ
431 2638 686 2727 παρατελεύτου,
725 2635 808 2725 ὅπερ
829 2632 1042 2726 μονόμετρον,
1076 2637 1212 2705 καὶτοῦ
1236 2639 1267 2706 ε’

155 2739 210 2807 καί
230 2738 428 2824 τελευταίου,
459 2739 546 2829 άπερ
568 2738 794 2830 ἑφθῆμιμερῆ,
829 2738 996 2828 διμέτρων.
1034 2739 1092 2806 ε’πὶ
1114 2748 1160 2829 τῷ
1181 2741 1266 2810 τέλει

154 2839 392 2933 cochleatos-l

245 2954 305 3016 507
316 2955 438 3014 -55c
484 2945 513 3014 εἰ
534 2948 662 3032 μάντις
685 2942 786 3037 άνῆρι
811 2938 1070 3036 4Ἀναπαιστικῆ
1093 2949 1195 3038 διπλῆ
1211 2950 1267 3017 καί

238 3177 252 3229 l
266 3177 312 3226 καὶ
321 3173 421 3228 addidi.
440 3165 498 3239 ἑξῆς
511 3173 541 3226 δὲ
553 3171 655 3226 τούτων
666 3201 699 3213 -
711 3158 905 3238 καταληκτικυί
919 3175 983 3226 sunt
993 3173 1139 3240 Heliodori‚
1154 3175 1182 3229 id
1195 3179 1267 3246 quod

133 3248 142 3257 ’
156 3261 313 3330 planissime
327 3259 423 3316 docent
438 3258 519 3313 verba
540 3260 598 3324 ἑξῆς
615 3260 642 3313 et
660 3261 690 3314 ἐν
703 3261 807 3312 ἐκθέσει
821 3257 893 3327 opud
907 3260 1082 3314 recentiorem
1094 3262 1267 3318 scholicstcm

156 3348 227 3402 idem
245 3348 436 3417 significantia.
542 3349 559 3400 2
576 3345 671 3400 Utitur
689 3344 835 3398 scholiasta
852 3344 942 3399 verbis
959 3345 1099 3401 Heliodori
1116 3348 1183 3403 alibi
1202 3351 1267 3404 scri·

155 3434 221 3489 bens
242 3439 365 3493 είυθεσις
383 3437 430 3499 τῆς
449 3433 555 3496 διπλῆς.
661 3432 677 3486 3
695 3431 735 3484 ef.
757 3430 819 3484 nub.
829 3431 888 3488 510.
907 3431 978 3486 alins
994 3434 1187 3500 grammaticus
1202 3434 1268 3491 heco

156 3523 283 3574 annotat:
317 3520 377 3575 503.
405 3517 527 3588 ὑμεῖςί)”
550 3518 635 3587 ῆριῖυε
661 3519 805 3570 Ἐντεῦθεν
823 3515 980 3587 παράβασις
999 3524 1123 3588 γίνεται,
1142 3524 1188 3573 καὶ
1206 3522 1267 3575 ἔστι

157 3611 238 3658 τοῦτο
261 3602 291 3656 τὸ
314 3601 490 3675 καλούμενον
516 3601 685 3674 κομμάτιον.
720 3603 784 3674 μεθ’
811 3601 827 3654 t
852 3607 879 3655 οἱ
902 3601 1086 3669 άνιίπαιστοι,
1117 3606 1212 3660 ἔπειτα
1236 3611 1267 3661 τὸ

157 3689 283 3764 μακρόν,
303 3688 373 3758 μετὰ
393 3693 478 3741 ταῦτα
499 3689 529 3741 δὲ
548 3686 669 3759 στροιρῆ,
689 3689 785 3741 ἔπειτα
805 3688 836 3740 τὸ
859 3689 1013 3763 ἐπίρρημα,
1033 3690 1093 3756 ἑξῆς
1112 3692 1143 3745 δὲ
1161 3690 1267 3758 ῆάντί-

160 3792 282 3849 στροφος
300 3779 348 3827 καὶ
366 3775 412 3828 ἐπὶ
432 3779 500 3826 πᾶσι
520 3771 550 3825 τὸ
565 3773 770 3845 άντεπίρρῆμα.
790 3779 925 3831 παντοίας
939 3774 979 3840 δέ,
999 3776 1190 3843 παντοδαπῆς,
1206 3796 1268 3830 ποι-

159 3865 246 3928 κίλης,
281 3863 496 3931 μεμουσωμίυοι
524 3859 659 3930 ἀκροαταὶ
690 3863 736 3910 καὶ
766 3856 857 3925 πάσης
886 3858 1059 3920 παιδεύσεως
1088 3865 1135 3914 καὶ
1166 3865 1269 3936 μέτρου

160 3944 376 4018 ἀκροασάμενοι.
399 3975 433 3984 -
464 3945 479 3996 ὁ
497 3949 593 4016 μέντοι
617 3942 732 4010 πυιῆτῆς
749 3948 831 3996 τοῦτο
850 3949 964 4015 πρῶτον
981 3945 1011 3999 τὸ
1031 3948 1124 4020 άράμιι
1144 3949 1186 4001 δι’
1206 3949 1270 4001 ἑαυ·

159 4036 210 4084 τοῦ
227 4036 345 4097 καθῆκε,
365 4031 399 4084 τά
419 4029 444 4083 ‹l'
465 4028 534 4084 ι’ίλλα
555 4028 597 4082 δι’
623 4030 722 4102 ἑτέρων
746 4028 911 4102 προσώπων.
929 4031 961 4084 V.
983 4036 1013 4088 Θ.
1105 4033 1271 4088 4Ὰναπαι-

161 4114 239 4183 στικῆ
257 4116 362 4171 eddidit
380 4118 511 4172 recentior
530 4116 676 4170 scholiasta
692 4112 781 4168 verbis
798 4114 952 4180 Heliodori‚
970 4134 1061 4174 vocem
1080 4119 1165 4185 διπλῆ
1183 4119 1270 4187 perio·

161 4203 225 4258 dum
243 4202 396 4272 significare
415 4203 549 4272 opinatus.
563 4234 597 4241 -
616 4203 744 4271 leguntur
761 4201 831 4256 elius
843 4203 1000 4271 interpretis
1011 4205 1087 4259 hacc:
1106 4204 1165 4260 507.
1179 4222 1270 4276 παρα-

162 4295 263 4359 βῆναιε
285 4296 326 4365 Τῆ
344 4288 501 4365 παραβάσει
516 4287 688 4365 χρήσασθαι.
725 4292 851 4360 Λέγεται
871 4290 900 4343 oz
919 4289 1079 4364 παράβασις
1096 4290 1158 4357 ῆτοι
1174 4288 1270 4356 ἐπειδὴ
