2864 4846
814 39 1120 143 '¹

1212 229 1262 328 ror
1303 299 1315 320 ·‚
1381 299 1383 303 <

153 425 263 514 ιιοιρὰ
299 430 390 503 τοῖς
417 425 730 513 τετρυμέτροις
768 428 872 506 (scrib.
909 425 985 505 τοὺς
1022 425 1265 515 τετραμέτρους)

154 527 277 612 στίχοις
315 532 418 615 (scrib.
455 527 572 615 στίχοι)
611 525 766 613 ιάμβικοί.
826 533 1051 616 gravissimum
1087 533 1181 597 huius
1218 536 1266 600 roi

155 637 330 720 exemplum
362 637 464 700 exstat
494 635 526 698 in
556 635 652 700 schol.
673 636 745 701 nub.
769 642 866 712 1131,
900 632 954 697 καὶ
987 629 1119 712 suasca
1158 635 1264 720 (scrib.

153 735 315 824 a'c'cdaorg)
338 735 428 823 παρὰ
451 736 528 814 τοὺς
550 736 796 821 τετραμέτρους,
818 738 925 803 addita
948 758 1056 816 causa,
1077 735 1176 818 „doct
1204 738 1265 826 χὰρ

152 841 194 908 τὰ
224 837 295 929 ἑξῆς
324 837 459 925 ιἰιμβικὰ
486 838 673 927 τρίμετρο.“
725 862 761 907 ex
787 843 837 907 his
864 843 962 926 igitur
991 861 1099 908 vocem
1129 836 1265 920 ἕκθεσις

155 950 188 1014 ct
209 942 357 1022 εἶ’σθισις
378 945 417 1011 ad
440 946 536 1012 situm
565 946 657 1024 paulo
681 946 876 1029 superiorum
899 966 1047 1013 versuum
1068 948 1266 1013 referendam

155 1070 240 1128 esse,
271 1052 407 1132 apparet.
453 1048 508 1115 sed
531 1051 635 1133 potest
656 1049 764 1114 eadam
795 1053 827 1115 et
855 1051 1010 1134 respicere
1040 1051 1136 1116 situm
1159 1071 1265 1117 eorum

156 1174 319 1230 versuum,
359 1154 412 1236 qui
440 1173 501 1218 non
534 1155 607 1219 sunt
636 1154 823 1235 novissimae
855 1173 933 1237 quae
963 1154 1121 1220 antecedit
1145 1156 1266 1238 periodi

154 1257 303 1322 metricae
322 1257 410 1321 velut
431 1259 464 1321 in
487 1258 584 1322 schol.
606 1277 653 1340 eq.
672 1264 752 1335 836,
776 1256 877 1344 διπλῆ
900 1255 956 1321 καὶ
979 1253 1112 1336 έκθεσις
1141 1254 1176 1323 οὐ
1198 1254 1266 1323 κατ’

132 1357 227 1428 door
247 1346 323 1438 τοῖς
339 1351 557 1438 υἷυοιιιοέστοις
579 1360 646 1425 scil.
674 1359 901 1446 τετρυμέτροις
926 1357 972 1437 εἷς
995 1356 1133 1445 ἰάμβους
1153 1386 1266 1449 τετρα-

155 1460 289 1552 μέτρους
312 1459 576 1550 κοτυλιμτικοές,
598 1466 680 1548 quod
705 1465 828 1530 exhibet
852 1466 919 1530 cod.
941 1466 1180 1546 Laurentianus,
1204 1467 1224 1532 i.
1240 1487 1267 1552 ο.

155 1572 362 1637 iambieorum
384 1571 640 1634 tetrametrorum
661 1569 752 1633 initia
772 1570 820 1634 ita
835 1569 997 1634 scribenda
1012 1571 1133 1635 suntin
1150 1571 1267 1651 codice,

156 1679 193 1741 ut
222 1696 259 1741 cx
285 1674 362 1740 colis
391 1672 601 1754 superioribus
626 1673 833 1755 anapaesticis
863 1673 1038 1751 emineant,
1075 1677 1181 1739 tamen
1204 1693 1267 1739 non

156 1782 295 1857 tantum,
318 1778 471 1862 quantum
493 1775 542 1839 illi
562 1777 740 1841 tetrametri
763 1777 953 1859 anapaestici
980 1777 1081 1859 paulo
1097 1778 1265 1862 longiores.

157 1884 240 1951 idem
262 1884 398 1949 testatur
421 1880 509 1944 locus
531 1879 562 1942 in
587 1879 683 1944 schol.
707 1879 843 1945 Acharn.
868 1888 947 1958 2843
971 1882 1040 1946 oola
1063 1882 1163 1960 enim,
1187 1901 1266 1965 quae

158 1986 348 2054 antecedunt
371 1984 455 2067 (inde
479 2004 498 2048 a
518 2003 597 2048 vers.
615 1984 690 2066 280)
720 1984 882 2050 trochaica
911 1985 1098 2068 excipientis
1119 1987 1269 2052 iambicos

157 2091 317 2156 trimetros
341 2090 417 2171 ipsis
448 2088 607 2172 longiores
626 2087 711 2152 haud
737 2088 829 2152 dubie
851 2090 969 2171 scripta
998 2091 1073 2154 sunt
1100 2085 1134 2152 ἐν
1154 2084 1267 2153 εἶσθέ-
1330 2153 1332 2157 ,

159 2216 216 2259 σει.
269 2212 379 2259 versus
414 2194 535 2270 autem,
571 2192 624 2274 qui
657 2191 872 2274 subsequitur,
912 2188 1081 2275 Ἡράκλεις
1111 2193 1199 2258 τουτὶ
1234 2189 1268 2257 τί

159 2297 228 2365 ἐστι
251 2296 508 2381 —longitudine
531 2297 669 2361 eminens
701 2293 734 2359 έυ
756 2291 889 2358 ἐκθέσει
912 2298 1033 2379 positus
1056 2300 1111 2366 est
1157 2297 1267 2363 deinde

159 2424 177 2469 a
198 2403 366 2468 scholiasta
386 2402 446 2467 duo
467 2401 753 2466 commemorantur
775 2399 859 2483 cola,
883 2396 1012 2482 (ἓίιετυι
1031 2404 1101 2478 τοῖς
1116 2400 1188 2466 δυσὶ
1205 2397 1268 2466 κώ-

156 2507 252 2591 toret
283 2503 382 2570 τὰδὲ
405 2506 493 2570 κῶλα
516 2500 533 2570 ὁ
554 2498 665 2587 χορός,
695 2497 826 2589 πρώτης
845 2499 952 2566 τοίνυν
974 2500 1061 2569 ἐστὶν
1084 2500 1117 2569 ἐκ
1136 2503 1267 2572 ἐκθέσει

157 2612 261 2697 (scrib.
285 2607 318 2673 ἐν
342 2606 502 2692 εἰσοίσει)
525 2605 607 2672 κατὰ
629 2605 667 2672 τὸ
690 2601 763 2671 ἴσον
784 2609 853 2682 τοῖς
876 2611 1020 2691 χορικοῖς
1048 2609 1128 2692 (scil.
1152 2603 1268 2687 κώλοις

155 2717 227 2782 inde
245 2736 263 2781 a
279 2733 359 2781 vers.
377 2715 468 2797 280),
490 2713 524 2778 id
540 2715 603 2790 cst,
626 2715 705 2777 haec
728 2711 788 2777 duo
811 2711 882 2776 cola
906 2711 1085 2777 scribuntur
1107 2709 1140 2776 ἐν
1154 2708 1267 2777 εἰσθέ-

72 2843 76 2850 *
156 2842 220 2900 σει,
240 2822 277 2885 ut
300 2818 461 2900 superiora
482 2818 608 2882 chorica
631 2812 664 2879 εὐ
685 2811 834 2879 arascos
855 2814 960 2898 posita
981 2818 1063 2880 sunt.
1102 2816 1268 2881 confirma·
1295 2830 1298 2836 ·

156 2925 208 2989 tur
233 2924 294 2987 hoc
324 2942 376 3000 eo,
415 2920 498 3004 quod
526 2921 596 2985 cola
623 2923 728 2985 cetera
758 2921 909 3002 paeonica
937 2909 1038 3002 (τοῦτ’
1071 2917 1204 3006 ἐρωτᾷς)
1235 2917 1268 2984 ἐκ

155 3022 303 3092 arceas
324 3045 391 3090 esse
413 3026 516 3107 posita
539 3023 706 3089 scholiasta
728 3022 822 3104 paulo
841 3022 924 3087 infra
938 3023 1057 3089 indicat
1077 3025 1141 3088 his:
1165 3022 1220 3089 κυιὶ
1236 3021 1268 3088 ἕν

155 3127 301 3195 aduttum
329 3126 370 3192 τὰ
400 3125 503 3192 λοιπὰ
531 3127 619 3192 κῶλα
643 3120 688 3205 ς’.
732 3127 832 3191 restat
858 3147 958 3192 unum
983 3129 1075 3193 huius
1105 3129 1150 3193 rei
1172 3149 1267 3213 argu-

155 3237 297 3301 mentum
319 3218 416 3301 schol.
437 3253 503 3317 pac.
526 3239 587 3297 729
611 3231 671 3296 etsi
694 3230 966 3312 corruptissimum
987 3233 1095 3298 tamen
1110 3233 1156 3298 ita
1174 3233 1267 3298 facile

156 3338 385 3407 emendandum
413 3377 454 3383 —
485 3343 542 3400 τοῦ
565 3340 677 3422 χοροῦ,
710 3326 748 3399 οὗ
771 3330 875 3414 στίχοι
899 3329 1105 3424 τετράμετροι
1129 3338 1265 3423 κοτυλη-

155 3441 259 3508 κτικοὶ
288 3440 443 3527 τέσσαρες
464 3438 523 3523 μέν
544 3438 578 3504 ἐν
601 3437 749 3518 ἐκθέσει,
788 3433 822 3503 ἐκ
845 3430 878 3504 δ’
907 3435 1056 3506 εἶσθέσει
1086 3442 1267 3518 τελευταῖος

155 3543 324 3634 τροχοϊκὸς
346 3546 397 3629 (cf.
422 3546 518 3611 schol.
536 3565 583 3627 eq.
600 3546 677 3626 836)
700 3536 769 3607 κατ’
792 3536 865 3608 ἴσου
886 3546 956 3620 τοῖς
978 3538 1088 3621 ἄλλοις
1110 3539 1267 3628 (cicorum-

156 3652 300 3734 στικοῖς).
343 3645 529 3729 ,,κατι’σοι“
553 3649 636 3731 quod
660 3649 762 3713 exstat
783 3668 981 3732 nequaquam
1002 3649 1128 3733 probari
1153 3652 1266 3732 potest

158 3757 230 3839 quia
252 3755 469 3820 desiderantur
496 3753 593 3818 ceteri
621 3752 773 3817 trochaici
804 3752 988 3818 tetrametri.
1032 3753 1115 3835 quod
1143 3754 1170 3818 si
1191 3773 1265 3819 con-

156 3861 311 3937 cedimus,
340 3879 403 3924 non
426 3859 529 3922 solum
550 3856 814 3940 praepositionem
843 3854 987 3941 ,,ιτορὰ“
1009 3859 1069 3922 hcc
1091 3859 1125 3921 in
1148 3857 1266 3924 scholio

157 3963 300 4029 similiter
323 3961 498 4028 adhibitam
520 3980 602 4038 esse,
639 3959 694 4024 sed
722 3961 819 4025 etiam
846 3950 913 4023 κοτ’
944 3954 1017 4024 ἰ’σου
1043 3961 1127 4026 idem
1141 3961 1266 4042 ualere,

158 4067 239 4150 quod
260 4067 292 4131 in
314 4065 462 4150 exemplis
487 4067 580 4130 antea
601 4063 723 4141 allatis,
745 4083 835 4129 nemo
859 4065 996 4149 negabit.
1037 4080 1042 4092 '
1180 4050 1185 4063 ’

245 4172 363 4235 Tamen
386 4188 448 4234 non
472 4170 574 4234 solum
595 4168 689 4235 rerba
717 4168 756 4231 ad
780 4168 862 4233 huno
884 4188 977 4235 usum
997 4170 1174 4249 referenda,
1212 4173 1266 4238 sed

159 4274 254 4341 etiam
275 4275 345 4360 ipsa
363 4274 460 4351 ratio,
482 4292 576 4356 quam
598 4290 823 4357 cognoscamus
845 4292 883 4338 er
904 4273 1047 4353 scholiis,
1067 4275 1145 4340 satis
1167 4278 1266 4343 testa-
