2864 4846
340 38 563 127 V

159 195 212 251 100

160 356 265 420 1111111
287 352 383 418 verba
405 372 424 417 a
446 352 572 418 scholiis
595 353 733 436 antiquis
756 352 856 434 petita
878 372 963 432 esse,
999 355 1160 420 neminem
1181 354 1275 440 fugit

159 460 299 524 attamen
320 459 501 524 recentioris
525 460 675 542 temporis
698 458 884 523 scholiastae
911 477 1019 525 veram
1049 479 1086 524 ac
1112 460 1275 545 propriam

160 582 268 629 eorum
289 561 402 646 quibus
424 563 556 627 utuntur
578 562 803 627 vocabulorum
821 557 965 645 (έκθεσις
982 565 1014 628 11
1029 556 1189 647 εἴσθεσις)
1209 562 1275 648 sig·

160 666 371 731 nificationem
393 665 480 730 nullo
502 666 593 746 pacto
607 667 702 757 „recte
724 663 957 730 intellexerunt.
1001 666 1143 730 indicant
1166 668 1275 731 autem

160 772 237 835 haec
263 770 357 837 verba
378 769 535 835 variorum
551 787 700 834 versuum
720 768 842 833 variam
859 771 893 833 in
908 771 1015 834 codice
1037 770 1156 849 sedem,
1181 788 1276 853 quam

162 876 337 940 obtineant.
391 893 464 937 nam
501 892 571 938 cum
612 873 645 936 in
679 871 866 937 editionibus
905 874 1088 939 recentioris
1124 875 1277 957 temporis

162 979 250 1045 uelut
269 977 387 1042 Aldina
410 977 548 1042 omniurn
569 997 716 1043 versuum
739 978 805 1042 sive
820 977 998 1061 longiorum
1017 979 1083 1046 siue
1092 979 1277 1044 breviorum

84 1126 92 1135 -
161 1083 253 1147 initia
275 1083 394 1146 lineam
423 1083 544 1146 rectam
562 1081 719 1157 efficiant,
753 1082 786 1145 in
810 1101 848 1145 ea
877 1101 939 1164 qua
960 1102 1036 1147 usus
1059 1085 1107 1147 est
1131 1081 1276 1165 antiquo-

162 1206 234 1251 rum
254 1185 443 1251 scholiorum
471 1186 598 1262 auctor,
639 1204 746 1250 omnes
773 1205 882 1251 uersus
912 1185 1109 1270 longitudine
1137 1186 1221 1250 inter
1242 1204 1275 1250 se

163 1291 241 1355 satis
264 1288 404 1354 diversos
425 1291 458 1353 et
480 1287 610 1354 diversis
631 1289 808 1353 intervallis
824 1309 843 1354 1
859 1289 984 1356 sinistro
1008 1292 1041 1355 et
1061 1290 1169 1355 dextro
1189 1282 1278 1353 codiss

163 1393 208 1458 cis
230 1392 372 1476 margine
403 1391 553 1471 abfuisse,
594 1393 625 1456 in
650 1395 758 1476 aperto
780 1395 837 1458 est.
880 1395 940 1460 hoc
966 1412 1029 1458 non
1059 1394 1161 1458 solum
1187 1395 1277 1458 recta

161 1497 254 1563 huius
276 1496 323 1560 rei
345 1496 567 1573 consideratio,
601 1496 656 1560 sed
679 1497 775 1561 etiam
798 1496 965 1576 nonnulla,
989 1517 1068 1581 quae
1090 1499 1151 1562 11116
1176 1498 1275 1582 perti-

162 1603 238 1666 nent
262 1601 358 1667 uerba
376 1602 534 1665 testantur
550 1600 638 1667 uelut
653 1596 848 1683 ἐκκείμινσς,
874 1601 956 1685 quod
979 1621 1032 1666 ers
1066 1605 1081 1667 t
1101 1602 1134 1666 in
1153 1601 1274 1667 scholio

161 1711 328 1788 1111346ο
350 1703 403 1787 (ad
426 1722 505 1770 vers.
525 1711 587 1768 336
611 1703 804 1786 referendo),
823 1693 865 1767 σῦ
889 1699 908 1790 ἡ
929 1703 989 1786 μὲν
1011 1698 1162 1791 πρόῳόός
1184 1700 1274 1769 ἐστιν

163 1805 198 1872 ἐκ
217 1802 377 1887 διστιχιάς
406 1801 529 1887 ὁμοίως
551 1803 745 1893 ἓκκειμέκης,
773 1806 805 1871 id
834 1811 897 1886 est,
932 1810 1021 1873 cuius
1043 1808 1294 1892 1100111111·-

164 1913 248 1977 sistit
279 1911 399 1975 duobus
428 1909 568 1975 versibus
603 1910 713 1974 itidem
750 1912 833 1977 inter
866 1914 986 1977 ceteros
1015 1912 1275 1996 prominentibus,

164 2017 257 2098 atque
279 2015 303 2078 ii
325 2014 379 2097 qui
402 2013 591 2079 antecedunt
611 2015 764 2079 trochaici
778 2016 968 2093 tetrametri‚
992 2036 1065 2082 cum
1085 2019 1190 2082 cetera
1206 2016 1276 2082 cola

162 2119 323 2185 trochaica
345 2113 379 2181 ἐν
403 2113 534 2182 ἐκθέσει
556 2117 661 2200 (scrib
685 2114 718 2182 ἐν
740 2114 901 2203 εἰσθέσει)
923 2121 1066 2186 breviora
1086 2141 1148 2187 non
1175 2139 1274 2204 usque

164 2224 204 2288 ad
227 2223 328 2305 capita
348 2223 447 2287 troch.
468 2223 723 2287 tetrametrorum
745 2208 918 2289 emineant(
958 2224 1043 2290 111111
1069 2226 1163 2291 huius
1187 2224 1275 2292 vocis

165 2328 342 2409 exemplum
365 2328 466 2392 exstat
486 2326 519 2390 in
542 2327 639 2391 schol.
658 2334 720 2391 346
728 2334 751 2406 ²,
773 2317 816 2392 ὧν
839 2324 857 2393 ὁ
880 2325 938 2410 μέν
961 2326 1091 2415 πρῶτός
1113 2326 1184 2393 ἐστι
1207 2323 1277 2392 uci-

162 2454 219 2511 χσς
246 2427 415 2515 σρσχσιϊκός
441 2426 632 2511 haselpach
678 2434 808 2514 apparet
842 2432 955 2517 igitur,
992 2435 1160 2498 eminuisse
1191 2433 1276 2498 hune

165 2554 289 2602 versum
316 2534 350 2598 in
381 2533 486 2599 codice
521 2555 557 2598 ex
571 2567 575 2575 ·
590 2535 630 2599 iis
659 2537 713 2617 qui
749 2536 939 2602 antecedunt
966 2538 1044 2604 colis
1072 2536 1276 2603 brevioribus.

165 2639 275 2705 deinde
311 2640 416 2703 autem
450 2637 633 2722 legendum,
672 2636 726 2703 καὶ
758 2637 905 2727 δεύτερον
939 2637 973 2704 ἐν
1011 2637 1158 2706 εἷσθέσει
1195 2639 1277 2724 (cod.

165 2738 311 2827 ἐκθέσει)
333 2741 437 2806 κῶλον
459 2740 650 2822 quotiensnon,
687 2737 717 2826 (ὁ
740 2741 776 2808 δὲ
797 2740 850 2829 γ’)
880 2742 913 2809 ἐν
937 2741 1069 2810 ἐκθέσει
1098 2739 1278 2832 τετράρυθ-

163 2870 233 2929 μσς.
285 2846 415 2910 tertium
444 2845 621 2930 exemplum
649 2846 809 2912 invenitur
836 2848 870 2912 in
896 2847 1277 2931 AchamschoL1214,

165 2948 201 3028 ἐξ
220 2945 338 3030 ἰάμβου
359 2929 528 3034 recisisque
551 2943 770 3035 ἀκαταλήκσοιι
791 2947 982 3034 ἐκκειμένου.

251 3053 361 3136 Neque
376 3054 480 3117 minus
497 3053 675 3138 significant
689 3054 844 3120 scribendi
861 3056 1048 3123 varietatem
1062 3056 1175 3137 verba,
1197 3075 1276 3139 quae

164 3156 313 3240 leguntur
335 3157 368 3221 in
391 3156 487 3221 schol.
510 3176 576 3239 pac.
600 3164 677 3242 658,
701 3157 802 3246 διπλῆ
825 3156 881 3222 καὶ
901 3155 1050 3238 atheran
1074 3159 1185 3248 παρὰ
1208 3159 1277 3227 σὸν

164 3256 451 3345 τετράμετρον
488 3256 535 3337 εἷς
576 3256 713 3343 Icositani
752 3258 914 3349 τρίμετρα.
978 3266 1134 3351 explicant
1169 3267 1277 3332 autem

165 3365 292 3443 eadem,
330 3383 390 3447 quo
424 3363 586 3430 referenda
621 3365 663 3429 sit
693 3367 771 3430 haec
802 3361 1013 3447 ,,11’σθεσις.“
1037 3430 1040 3436 ,
1068 3390 1140 3435 cum
1169 3371 1278 3436 autem

144 3467 258 3548 ¹paulo
292 3468 365 3530 ante
397 3466 586 3548 praecedant
619 3469 689 3534 cola
720 3471 880 3536 trochaica
911 3472 1022 3538 itidem
1056 3471 1090 3538 ἐν
1128 3469 1278 3538 εἷσθέσει
1309 3512 1312 3517 ,

164 3571 283 3654 posita,
320 3570 416 3636 iambi
446 3573 553 3637 autem
581 3572 718 3638 trimetri
747 3575 786 3638 iis
816 3595 878 3640 non
907 3566 974 3640 κατ’
1003 3571 1074 3641 ἴσον
1104 3574 1277 3660 (11111111.
1305 3631 1307 3635 ,

165 3672 302 3739 Acharn.
320 3680 401 3753 284,
424 3677 611 3759 1111111836)
630 3675 684 3742 sed
706 3676 797 3762 παρὰ
817 3676 873 3744 τὸν
886 3676 1097 3767 τετράμετρον
1114 3677 1149 3745 ἐν
1164 3676 1278 3746 εἰσθέ-

166 3796 217 3840 σει
244 3778 361 3860 scripta
390 3779 549 3858 dicantur,
583 3781 648 3845 iam
668 3781 728 3844 hoc
757 3782 827 3848 loco
857 3784 934 3848 satis
956 3788 1103 3866 apparet,
1140 3787 1278 3851 scholia-

166 3882 250 3944 stam
272 3882 321 3945 his
342 3883 471 3947 uocibus
495 3877 657 3966 (εἷ’σθεσις
674 3886 705 3948 11
724 3878 870 3968 ἔκθεσις)
894 3886 1023 3953 minime
1046 3892 1149 3954 certas
1173 3890 1279 3974 (fineis

167 3985 261 4049 rectis
291 3984 435 4050 definitas
466 3988 625 4069 versuum)
656 3988 744 4052 sedes
775 3989 968 4074 significare,
1008 3990 1062 4056 sco
1092 4011 1201 4058 eorum
1223 3993 1278 4076 qui

166 4089 358 4168 praecedunt
381 4109 528 4157 versuum
547 4092 645 4154 situm
667 4093 832 4174 respicere.
861 4113 960 4176 neque
976 4094 1069 4159 aliter
1085 4098 1159 4161 sunt
1177 4097 1276 4179 expli-

166 4191 265 4256 canda
287 4190 400 4271 verba,
423 4213 502 4276 quae
523 4194 653 4278 praebet
675 4196 770 4260 schol.
793 4216 860 4279 pac.
885 4203 963 4276 426,
993 4188 1064 4262 εἶτα
1085 4195 1119 4260 ἓν
1141 4193 1277 4264 ἐκθέσει
