2864 4846
223 287 258 340 40
646 285 754 341 Scholia
772 285 801 341 in
819 284 913 341 nubes.

222 437 373 521 υἷ’σθεσις
399 446 457 531 τὴς
481 444 601 532 διπλὴς
628 440 665 510 ἐκ
689 439 805 527 στίχων
833 440 992 529 ἷαμβικῶν
1015 442 1190 534 τριμέτρων
1207 437 1332 512 άκατα-

223 542 345 637 λὴκτων
363 546 422 635 σμ’,
446 539 490 613 ὧν
511 551 694 629 τελευταῖος

445 672 531 744 ,οἵαν
550 671 632 738 δίκην
650 676 707 731 τοῖς
725 667 821 745 κόρεσι
840 669 922 726 διόσω
942 669 1069 745 τὴμερον.

224 771 283 839 ἐπὶ
304 776 350 861 τῷ
370 769 456 838 τέλει
478 773 579 861 διπλὴ
602 769 665 855 ἔξω
685 777 855 842 νενευκυῖα.
867 775 905 862 ¹6

311 1048 325 1103 1
349 1045 392 1101 Ad
409 1060 516 1100 versum
534 1044 585 1101 651
605 1043 635 1098 in
651 1044 683 1104 R.
696 1044 729 1099 V.
752 1045 866 1116 legitur:
902 1047 964 1113 είδη
989 1049 1100 1121 μέτρων
1126 1039 1169 1105 οἷς
1185 1048 1233 1099 καλ
1243 1047 1333 1120 Ἀρχί-

224 1139 307 1206 λοχος
323 1137 450 1205 κέχρηται
468 1133 498 1186 ἐν
515 1134 674 1207 τριμέτροις
693 1136 740 1184 καὶ
757 1136 963 1205 τετραμέτρους.
993 1133 1028 1188 ad
1044 1133 1157 1188 cundem
1175 1148 1281 1188 versum
1299 1135 1335 1188 ab

224 1222 277 1278 alio
295 1220 441 1275 scholiasta
461 1219 527 1274 hacc
550 1219 710 1273 annotatur
747 1216 948 1273 κατενόπλιον;
969 1220 1055 1280 Εἶδος
1075 1222 1186 1294 ῥυδμοι
1211 1218 1282 1295 πρὸς
1301 1219 1335 1274 ὃν

223 1309 363 1382 ὠρχοῦντο
382 1312 501 1365 σείοντες
520 1303 554 1358 τὰ
573 1302 655 1358 ὅπλα.
683 1303 786 1363 Ἄλλως
801 1290 945 1380 ἐνόπλιον,
963 1305 1014 1359 τόν
1029 1304 1224 1396 ὰμιρίμακρον,
1243 1305 1335 1365 ὅςκαὶ

223 1390 395 1469 Κουρητικὸς
414 1388 573 1445 καλεῖται’
558 1388 614 1442 απὸ
633 1394 702 1442 τοῦ
722 1388 755 1444 τὰ
775 1394 813 1449 εἰς
829 1389 894 1450 τοὺς
920 1382 1092 1467 1’Κούρητας
1104 1394 1172 1462 μέλη
1188 1389 1279 1461 τούτῳ
1296 1398 1336 1462 τῷ

222 1483 312 1553 μέτρῳ
344 1481 504 1554 κεχρῆσθαι.
552 1474 676 1547 (Αλλως.
712 1476 947 1550 ἀριθμητικὸν
930 1500 946 1547 η
977 1475 1173 1551 γεωμετρικόν.
1210 1478 1271 1532 ἔστι
1302 1478 1335 1532 δὲ

223 1568 355 1669 ⁰6v6fao6
375 1567 423 1618 καλ
439 1564 595 1639 κρούματος
614 1564 687 1622 εἶδος
704 1561 734 1616 τὸ
755 1562 824 1616 κατὰ
850 1561 1000 1629 δάκτυλον,
1027 1555 1050 1634 ᾧ
1061 1569 1187 1637 χρῶνται
1204 1568 1232 1618 οἱ
1249 1565 1336 1632 αὐλη-

133 1723 137 1732 Ι
222 1655 269 1707 ταὶ
291 1651 349 1725 πρὸ
371 1655 421 1706 τοῦ
442 1648 550 1722 νόμον.)
579 1680 613 1690 -
652 1648 755 1703 ὁκατὰ
780 1646 934 1718 δάκτυλον,
965 1648 1075 1725 ῥυθμός
1098 1651 1210 1704 ἐστιν
1196 1671 1211 1704 ο
1233 1652 1296 1704 ἐν
1284 1666 1335 1721 ισῳ

195 1732 199 1761 ¹
222 1737 335 1810 166st
322 1759 336 1791 o
356 1739 386 1792 δὲ
401 1734 533 1795 ,ἐνόπλιος
550 1740 597 1789 καὶ
616 1734 825 1823 anooocanxlc
842 1735 1024 1807 λεγόμενος“
1009 1735 1065 1790 υπό
1084 1755 1169 1793 τινων
1190 1735 1335 1807 σύγκειται

224 1827 254 1879 ἐκ
273 1804 489 1879 σπονδείου-
443 1825 490 1877 καλ
508 1829 664 1928 πυρριχίου
684 1826 730 1875 καὶ
748 1829 884 1898 τροχαίου
900 1827 947 1876 καὶ
966 1822 1080 1895 ίάμβου.
1100 1824 1336 1895 συνεμπίπτειδὲ

224 1903 303 1972 οἶτος
330 1910 390 1978 ἡτσι
417 1911 573 2014 θτριποδίρ
594 1909 793 2012 6vanccwnx6,
818 1906 954 1978 ἡβάσεσι
974 1912 1068 1976 δυσίν,
1095 1908 1203 1983 Ἰωνικὴ
1220 1913 1268 1963 καὶ
1282 1929 1336 1979 χο-

223 2001 365 2073 ριαμβικὴζ
453 1995 544 2050 αὰπὸ
563 1994 662 2050 τούτου
680 2000 719 2055 εἰς
735 1995 766 2051 R.
837 1996 1060 2068 11Κουρὴτας11.
1080 1995 1244 2071 Κρὴταςθι,
1264 1997 1337 2066 quod

222 2083 311 2139 Diibn.
330 2082 432 2138 emend.
504 2082 595 2136 σέστι
614 2081 776 2156 ῥυθμδςΒ,
795 2082 866 2152 qnod
876 2083 966 2137 Dsbn.
986 2099 1052 2138 corr.
1112 2083 1337 2154 ᾶπροςωδιαιιὸς

110 2223 114 2231 .
223 2172 253 2226 R.
270 2171 302 2227 V.
327 2169 341 2223 6
362 2173 408 2222 καὶ
425 2169 541 2241 προσοδ.
560 2169 739 2224 Hermannus.
811 2159 922 2228 θσῦτσς
940 2171 971 2224 ἐν
990 2175 1022 2244 τὴ
1040 2187 1115 2241 τριπ.
1133 2170 1165 2223 R.
1179 2169 1211 2223 V.
1237 2170 1266 2224 in
1282 2170 1335 2226 fine

223 2259 256 2312 V.
280 2261 395 2331 ἰαμβιιιὴ
412 2258 460 2311 καὶ
477 2244 789 2331 χορικὴ,η110,1111111111
810 2255 915 2311 amend.
933 2287 968 2295 -
1018 2255 1107 2316 Codex
1125 2256 1239 2315 Tanain:
1266 2259 1334 2332 Κατ’

224 2345 356 2403 ἐνόπλιον
376 2342 485 2418 ῥυθμὸς
513 2349 609 2413 στίχος
632 2343 666 2411 ἡν
684 2344 866 2416 συγκέίμενος
888 2345 918 2396 ἐκ
940 2341 991 2396 δύο
1016 2342 1156 2398 δακτύλων
1176 2347 1223 2397 καὶ
1244 2359 1334 2397 σπον-

225 2420 315 2496 δεῖὅῖ,
346 2429 362 2484 6
383 2434 490 2504 μέτρον
511 2432 564 2499 ,καὶ
590 2430 778 2505 ’πυρριχαῖκὸν
805 2431 912 2500 ἐλέγετο
942 2428 999 2483 άπὸ
1017 2428 1131 2506 Πύρρου
1159 2429 1239 2492 τινὸς
1264 2427 1336 2485 οὕτω

118 2568 124 2581 ,
223 2521 331 2586 κληθέν.
350 2518 447 2586 ἔλεγον
466 2516 497 2569 δὲ
518 2521 599 2569 τοῦτο
618 2515 670 2570 σὺν
686 2516 783 2577 ὅπλοις
803 2515 965 2590 κινούμενοι
987 2545 1021 2556 -
1049 2508 1144 2576 Ἄλλως
1164 2547 1197 2556 -
1212 2536 1335 2593 χοριαμ-

224 2609 293 2673 βικὴ.
330 2604 359 2659 in
374 2602 436 2658 Ald.
455 2603 514 2656 ἔστι
533 2602 564 2656 δὲ
581 2601 596 2655 6
615 2604 646 2658 ἒν
663 2602 792 2675 ἡμιολίῳ·
822 2603 912 2678 ἡγὰρ
930 2602 1024 2677 μακρὰ
1042 2601 1112 2679 πρὸς
1130 2603 1178 2663 τὰς
1194 2602 1248 2658 ’δύο
1267 2612 1336 2680 βρα-

219 2696 301 2761 χείας
329 2688 394 2744 ἶσόν
420 2709 447 2743 τι
477 2690 535 2759 ἔχει
563 2688 674 2764 ῥυθμὸν
693 2691 724 2743 ἐκ
745 2691 893 2763 τριποδίας
923 2686 1149 2755 ἀναπαιστικόν,
1172 2689 1201 2748 δς
1226 2691 1340 2760 δέχεται

222 2777 330 2837 πάντας
347 2776 410 2837 τοὺς
429 2775 613 2844 δισυλλάβους
629 2772 727 2835 πόδας.
748 2779 776 2829 οἱ
795 2777 826 2831 δὲ
846 2775 994 2842 ἐνόπλιον,
1013 2776 1061 2830 τὸν
1082 2776 1286 2850 ὰμφίμακρον,
1307 2775 1337 2836 ὃς

223 2867 271 2920 καλ
288 2863 426 2939 Κρητικὸς
444 2862 602 2915 καλεῖται’
587 2860 643 2915 απὸ
663 2867 715 2915 τοῦ
730 2865 771 2922 εἰς
788 2861 851 2922 τοὺς
867 2861 1013 2936 Κούρητας
1031 2861 1213 2934 ἀναγομένου
1228 2865 1352 2935 μέλους..

224 2950 312 3021 τούτῳ
340 2950 394 3026 γὰρ
416 2955 454 3018 τῷ
481 2950 573 3021 μέτρῳ
596 2953 817 3053 προσωρχοῦντο
846 2953 966 3007 σείοντες
992 2947 1026 3002 τὰ
1044 2948 1125 3002 ὅπλα.
1162 2951 1286 3002 καλεῖται
1303 2951 1336 3003 δὲ

223 3037 359 3094 ἐνόπλιον
369 3056 438 3090 κατα
427 3033 597 3099 δάκτυλον,
612 3025 762 3106 ᾦχρῶνται
777 3033 848 3102 ζὴτει
860 3042 940 3095 τίνες
953 3039 1019 3094 ἴσως
1031 3035 1062 3090 δὲ
1071 3038 1113 3088 λεί
1102 3041 1160 3089 ίπει
1169 3034 1200 3089 τὸ
1215 3039 1243 3088 οἱ
1253 3033 1336 3102 αὐλη-

223 3131 278 3182 ταί.
297 3124 360 3180 fort
368 3126 509 3191 ζητεῖται,
512 3126 621 3187 ,.“τινίς
642 3120 693 3177 hoc
705 3123 751 3192 qui
764 3123 891 3191 scripsit'
882 3140 912 3177 1n
922 3123 1010 3178 codice
1022 3138 1070 3176 sno
1078 3125 1141 3191 post
1149 3128 1271 3226 χρῶγιαι
1283 3122 1337 3178 ali

217 3216 297 3285 ,quot
307 3209 608 3283 syllabarumlacunam
615 3209 733 3275 invenlt,
753 3226 834 3280 quam
845 3210 926 3265 Dind.
936 3227 971 3266 ex
979 3210 1012 3263 V.
1024 3209 1141 3279 explevit
1151 3209 1221 3263 κατὰ
1234 3205 1337 3263 δάκτυ-

223 3304 287 3355 λονε
313 3294 499 3373 ὰριθμητὶκόν
523 3297 581 3350 ἔστι
604 3299 715 3370 μέτρον.
741 3297 799 3350 ἔστι
816 3291 848 3352 δὲ
865 3299 976 3371 ῥυθμὸς
996 3295 1153 3373 κροάματος
1175 3287 1249 3355 εἶδος
1266 3295 1335 3359 κατὰ

224 3385 367 3450 δάκτυλον,
382 3374 404 3453 ᾧ
408 3387 532 3455 χρῶνται
550 3386 579 3435 οἱ
597 3383 721 3450 αὐληταί.
744 3381 758 3437 ὁ
772 3381 841 3437 κατὰ
857 3383 993 3437 δάκτυλον
1007 3380 1117 3458 ῥυθμός
1129 3383 1205 3438 ἔστιν
1217 3383 1232 3436 ὁ
1245 3383 1274 3436 ἐν
1284 3386 1336 3452 ἴσῳ
1422 3436 1423 3439 ,

223 3472 317 3545 λόγος·
333 3472 347 3526 6
361 3471 393 3525 δὲ
404 3467 545 3536 ἐνόπλιος,
559 3472 606 3522 καὶ
618 3469 816 3545 προσῳδιακὰς
828 3468 1063 3541 καλούμενοςὰπό
1080 3488 1173 3533 τινων,
1192 3466 1336 3538 σύγκειται

223 3564 254 3616 ἐκ
265 3559 417 3614 σπονδείου
435 3559 483 3610 καὶ
500 3562 647 3631 πυρριχίου
666 3559 714 3609 καὶ
732 3563 863 3631 τροχαίου
881 3560 928 3610 καὶ
951 3555 1062 3628 ἰάμβου.
1097 3561 1284 3627 συνεμπίπτει
1303 3556 1336 3609 δὲ

223 3639 302 3708 οὗτος
324 3644 384 3714 ἡτοι
402 3643 537 3720 τριποδία
557 3642 762 3717 άναπαιστικὴ,
794 3641 928 3714 ἡβάσεσι
952 3645 1050 3709 δυσίν,
1078 3640 1268 3716 άναπαιστικὴ
1288 3644 1337 3695 καὶ

222 3734 337 3809 Ἰωνικὴ.
374 3730 526 3791 emendavit
543 3730 625 3784 oxR.
644 3729 677 3782 V
697 3729 779 3784 Dind
815 3729 850 3785 ad
875 3730 923 3785 illa
948 3730 1042 3786 scholii
1057 3729 1151 3784 Altini
1175 3728 1256 3784 verba
1277 3729 1336 3781 ἔστι

186 3824 188 3829 ’
207 3823 290 3876 cl&
307 3821 337 3877 ἰν
355 3821 475 3893 ἡμιολίῳ
493 3817 559 3872 haoo
577 3817 723 3872 annotavit
739 3817 923 3872 Hermannns:
942 3817 1121 3884 „hemiolium
1138 3816 1204 3871 dicit
1221 3815 1337 3870 otribus

226 3907 339 3979 pedibus
358 3906 538 3968 constantem,
560 3907 704 3974 propterca
721 3906 793 3974 qnod
810 3890 868 3961 bini
886 3905 968 4008 pe6os
985 3905 1120 3974 dipodiam
1137 3904 1337 3972 anapaesticam

225 3994 352 4051 efficiunt.
390 3994 428 4047 sic
455 4007 548 4046 versus
582 3991 775 4063 ithyphallicos
800 3991 960 4096 τροχυϊκὸς
977 3989 1105 4066 ἡμιόλιος
1126 3990 1231 4044 dicitur
1268 4007 1337 4060 quac

227 4083 382 4157 sequuntur,
401 4079 441 4134 ita
460 4077 613 4134 emendavit
630 4079 736 4134 Dhbln·
764 4077 853 4154 ἡγὰρ
870 4077 966 4154 μακρὰ
984 4077 1054 4152 πρὸς
1070 4075 1120 4137 τὰς
1139 4075 1190 4131 δύο
1206 4083 1337 4150 βραχείας

196 4174 304 4231 ἴσον·
328 4188 362 4221 κα
364 4167 500 4236 λ.ἔχει-
536 4150 641 4221 Tamen
658 4166 770 4237 propius
788 4166 823 4222 ad
848 4165 990 4222 veritatem
1007 4164 1130 4220 accedere
1148 4162 1254 4218 videtur
1270 4162 1336 4237 hoc:

191 4218 238 4303 1
224 4270 281 4310 εστι
300 4253 364 4310 666
349 4251 530 4358 othwc)
549 4251 734 4325 ἡμιόλισυ-
756 4253 850 4327 ἡγὰρ
868 4252 961 4354 μακρὰ
980 4250 1051 4326 πρὸς
1068 4249 1116 4309 τὰς
1136 4249 1187 4303 660
1205 4255 1336 4324 βραχείας

191 4308 194 4361 Ι
225 4347 287 4398 ἴσον
304 4341 361 4412 ἔχει
376 4343 535 4417 ῥυδμον-
555 4340 586 4395 ἐκ
604 4340 786 4415 τριποδίας’
769 4336 1041 4398 αναπαιστικόν.
1075 4337 1106 4393 in
1122 4337 1196 4395 Junt.
1216 4335 1337 4394 scholion
