2864 4846
584 228 693 284 Scholia
710 230 740 284 in
756 229 849 287 nubes.
1235 231 1271 286 43

299 384 320 441 ὦ
337 388 527 458 καλλίπυργον
546 392 672 458 σοφίαν»

159 489 196 556 ἐκ
218 483 328 557 κώλων
347 493 568 577 χοριαμβικῶν
588 482 754 578 διαφόρως
780 487 1015 579 κεκολλημένων
1036 487 1122 558 δέκα.
1167 483 1211 558 ὧν
1230 489 1270 558 τό

159 597 288 683 πρῶτον
311 589 461 680 δίμετρον
490 589 709 681 δκατόληκτον
737 591 774 674 ἐξ
799 591 969 681 ἐπιτρίτου
995 591 1105 681 τρίτου
1132 594 1189 662 καὶ
1211 620 1269 678 χο-

159 693 306 785 ριόμβου.
327 696 367 763 τδ
386 691 531 784 δείπερον
552 695 587 763 ἐκ
605 693 783 785 χοριόμβου
806 696 862 764 καὶ
884 690 1116 786 δμφιβρόχεος.
1138 698 1177 766 τὸ
1200 695 1270 787 τρί-

157 826 214 870 τον
235 801 272 872 ἐκ
292 796 446 889 διιόμβου
477 801 531 868 καὶ
555 796 743 890 χοριόμβου.
788 801 826 868 τό
854 801 1008 892 τέταρτον
1037 801 1072 870 ἐκ
1091 801 1270 930 χοριάμβου

158 905 213 972 καί
233 902 392 991 βακχείαν.
433 904 471 972 τὸ
492 903 648 990 πέμπτον
671 898 895 994 ἀντιστρόφως
913 912 960 996 τῷ
982 904 1103 995 πρωτην
1125 905 1162 974 ἐκ
1179 931 1269 995 χορι-

158 1009 261 1096 άμβου
281 1008 337 1076 καὶ
359 1006 528 1097 ἐπιτρίτου
546 1007 665 1098 τρίτου.
704 1008 741 1077 τδ
765 1009 858 1077 ἕκτον
880 1009 916 1092 εξ
949 1003 1191 1078 1αντισπόστου
1212 1013 1270 1079 καὶ

156 1110 354 1204 κρητικοῦ’
328 1105 385 1181 είτ
409 1107 462 1180 οὗν
483 1137 581 1203 αμφιη
582 1113 702 1238 ιοίκρου.
738 1114 775 1182 τό
806 1112 946 1238 ἕβδομον
964 1115 1176 1242 χοριαμβικδν
1192 1112 1269 1241 τρί-

99 1272 102 1278 -
156 1244 272 1308 μετρον
293 1217 600 1306 βραχικατόληκτον.
623 1217 661 1285 τό
685 1214 799 1304 όγδοον
821 1211 898 1300 ἒξ
878 1218 1099 1287 αντισπόστου
1118 1218 1174 1286 καί
1190 1215 1269 1304 ἰόμ-

156 1329 234 1408 βου,
256 1321 312 1389 διὰ
335 1321 373 1388 τὸ
396 1318 480 1404 ἔχειν
502 1320 559 1389 τόν
581 1320 657 1390 ὅλον
678 1321 770 1390 πόδα
791 1321 847 1390 τὸν
874 1318 1131 1413 τετραοόλλαβον
1152 1322 1208 1390 καὶ
1230 1322 1268 1390 τὸ

155 1425 253 1553 ἥμισυ
278 1417 390 1554 55505,
414 1425 475 1506 τὰς
497 1425 554 1493 δύο
570 1425 690 1516 δηλαδὴ
707 1422 882 1514 συλλαβάς,
903 1423 1049 1554 ἡριόλιον
1064 1422 1175 1512 καλοόη
1176 1452 1269 1494 ιενον.

156 1529 194 1598 τὸ
216 1528 327 1598 ἔνατον
358 1530 394 1597 ἐκ
414 1525 592 1618 χοριόμβου
619 1528 675 1597 καὶ
702 1529 772 1597 διιό
772 1537 865 1616 μβου.
903 1531 941 1598 τὸ
964 1530 1139 1599 δέκατον’
1123 1556 1159 1598 εκ
1176 1555 1268 1645 χορι-

155 1633 262 1721 οίμβου
284 1634 341 1701 καὶ
363 1627 594 1722 ἆμφιβροίχεος.
608 1637 639 1722 25

245 1747 464 1807 961-1008,
510 1737 616 1826 [[λέξω
635 1736 765 1807 τοίνυνε
792 1735 955 1819 Εἳσθεσις
976 1740 1095 1829 διπλῆς
1118 1741 1268 1828 περιοδι-

156 1847 213 1933 κῆς
233 1835 412 1930 δμοιβαίας
431 1850 692 1932 μονοστροφικῆς
722 1840 773 1932 ὑφ’
797 1842 847 1928 ἓν,
884 1843 939 1910 διὰ
966 1841 1071 1923 τὸείς
1093 1848 1194 1934 μῆκος
1214 1843 1268 1912 ε’κ-

156 1945 325 2016 τείνεσδαι
348 1947 406 2038 τὴν
428 1945 582 2036 περίοδον
606 1948 642 2016 ἐκ
658 1945 775 2031 στίχων
789 1941 1032 2016 α’ναπαιστικῶν
1048 1948 1268 2038 τετραμέτρου

156 2055 395 2144 καταληκτικῶν
418 2051 480 2139 μζ’,
511 2045 554 2119 ὧν
575 2056 757 2133 τελευταῖος

295 2175 360 2250 ἦρος
376 2177 406 2230 ἓν
423 2175 479 2250 ὥρη
497 2180 622 2249 χαίρων,
639 2173 747 2231 ὁπόταν
765 2173 907 2236 πλάτανος
925 2177 1029 2246 πτελέη)
1048 2180 1187 2251 ψιθυρίζῃ.

133 2284 249 2348 ,τοῦτο
269 2278 306 2346 δὲ
324 2279 363 2346 τδ
386 2276 502 2368 μέτρον
521 2269 791 2366 Ἀριστοφάνειον
816 2279 992 2348 3καλεῖται.
1017 2275 1075 2345 ε’πὶ
1091 2282 1164 2357 ταῖς
1179 2271 1266 2346 ολπο-

156 2382 274 2451 θέσεσι
295 2382 529 2473 παροίνραφοςή
559 2381 618 2448 ἐπὶ
638 2380 674 2447 δὲ
692 2388 739 2470 τῷ
762 2381 848 2449 τέλει
868 2383 970 2471 διπλῆ
993 2378 1055 2462 ἔξω
1075 2384 1264 2471 νενευκυῖαλ]

244 2496 484 2557 1009-1023.
531 2484 597 2574 55⁸5
617 2491 717 2552 ταῦτα
739 2491 862 2575 ποιῇςε
888 2476 1047 2564 ’Ἐκδεσις
1068 2493 1126 2574 τῆς
1148 2488 1268 2576 διπλῆς

156 2592 191 2661 ἐκ
212 2595 325 2659 κώλων
355 2588 475 2677 ὁμοίων
504 2586 748 2658 διναπαιστικῶν
779 2589 972 2657 δεκαπέντε·
1010 2583 1053 2656 ὧν
1078 2588 1119 2656 τὰ
1139 2589 1198 2675 μὲν
1218 2585 1265 2676 ιγ’

156 2695 289 2786 δι’μετρα
312 2688 530 2784 ἄκατόληκτα·
566 2694 604 2763 τό
636 2693 971 2782 τεοσαρακαιδέκατον
995 2690 1208 2783 μονόμετρον,
1248 2687 1267 2763 5

155 2800 393 2892 παρατέλευτον
414 2795 612 2884 ὀνομάζεται.
634 2797 672 2867 τό
695 2800 877 2865 τελευταῖον
901 2795 1140 2889 ἓφθημιμερές,
1164 2788 1183 2865 δ
1205 2823 1265 2865 κα-

154 2909 260 2974 λεῖται
279 2902 516 2993 παροιμιακόν,
551 2900 595 2982 ὡς
617 2898 760 2993 εἴρηται,
800 2900 859 2970 ἐπὶ
881 2906 927 2991 τῷ
951 2901 1037 2970 τέλει
1056 2897 1114 2970 δόο
1137 2903 1264 2987 διπλαῖ,

155 3007 174 3099 5
205 3008 265 3095 μὲν
301 3007 334 3075 ἓν
364 3005 457 3100 ἀρχῇ,
495 3003 514 3098 5
551 3007 588 3075 δὲ
624 3007 707 3077 κατὰ
745 3006 784 3074 τδ
821 3005 914 3086 τέλος
950 3011 1008 3073 τοῦ
1044 3002 1164 3091 κώλου,
1204 3003 1266 3090 ἔξω

155 3115 359 3200 νενευκυῖαιλ

244 3225 377 3285 1024-
388 3225 481 3285 1035.
521 3209 576 3304 [[ιό
592 3213 806 3304 καλλίπυργον
821 3239 830 3282 t
859 3212 972 3302 Ἑτέρα
987 3210 1136 3296 εἴσδυσις
1150 3213 1267 3298 μέλους

153 3325 248 3410 χοροῦ
269 3321 432 3411 μεσῳδικὴ
453 3315 670 3411 ἀντίστροφος
677 3374 685 3404 ,
708 3316 808 3405 ὁμοία
831 3325 872 3409 τῇ
891 3316 1116 3410 προρρηδείση
1133 3325 1266 3410 στροφῇ,

244 3485 571 3555 1δντισπόστουΒες.,
607 3486 828 3542 ἀντισπαστικοῡ
854 3484 929 3551 Α]δ.,
966 3483 1159 3542 ἄντισπόστου
1175 3485 1265 3542 Diibn.

88 3579 89 3583 ’
155 3574 319 3631 2Deesti11
336 3574 389 3629 fine
406 3573 507 3628 mentio
532 3576 633 3640 διπλῆς
659 3574 714 3626 ἔσω
739 3580 897 3633 νενευκυίας
924 3570 1063 3639 δηλούσας
1087 3573 1163 3642 ἔχειν
1182 3572 1266 3626 ἀντα-

61 3712 65 3716 .
155 3659 279 3716 πόδοσιν
384 3663 401 3716 3
417 3661 484 3714 Post
501 3661 625 3713 καλεῖται
642 3658 785 3730 legebatur
801 3659 862 3712 ἐπεὶ
877 3659 1045 3730 εὐδοκίμησε
1064 3661 1153 3729 λέγων
1171 3658 1207 3720 ὠς
1226 3657 1265 3713 ὅτ’

155 3749 209 3819 ἐγὼ
232 3748 266 3802 τὰ
290 3750 386 3802 δίκαια
408 3747 513 3815 ἤσκουν
537 3751 584 3799 καὶ
611 3744 783 3819 σωφροσύνη
810 3743 970 3819 νενόμιστο.
1008 3749 1088 3799 τοῦτο
1114 3745 1166 3802 οἷν
1191 3744 1265 3817 δέμον

153 3831 354 3910 Ἀριστοφάνης
372 3833 524 3904 ἀπεδέχετο
543 3833 701 3904 (ἐπεδέχετο
719 3831 764 3901 G.)
784 3830 819 3891 ὠς
837 3831 867 3885 εὖ
891 3835 1098 3905 πεποιημένον.
1134 3833 1267 3888 Herman-

155 3938 219 3988 τοι,
244 3924 307 3976 ἐπεὶ
325 3919 392 3974 αὐτὸ
413 3919 501 3990 ἄγαν,
534 3919 629 3975 ceteris
655 3920 762 3983 eiectis,
793 3934 861 3988 quae
886 3933 993 3973 versum
1017 3918 1055 3972 ὅτ’
1081 3920 1136 3990 ἐγὼ
1161 3918 1267 3987 ἤνθουν

156 4011 298 4078 exponunt.
335 4007 472 4063 Dindorf.:
492 4047 507 4072 „
518 4007 579 4061 ἐπεὶ
598 4006 699 4061 servari
714 4007 818 4075 potest,
851 4007 875 4061 si
892 4005 1026 4061 sententia
1044 4006 1084 4060 sic
1100 4005 1267 4076 redintegre-

155 4095 211 4159 tur,
231 4097 293 4149 ἐπεὶ
310 4094 470 4166 κατακόρως
489 4094 562 4163 αὐτῷ
584 4091 720 4163 ἐχρήσατο
740 4090 988 4164 ὁᾺριστοφάνης,
1007 4096 1039 4148 ut
1056 4093 1177 4162 loquitur
1191 4092 1268 4147 scho-

156 4173 236 4234 lias'ta
253 4180 330 4235 Pluti
347 4196 373 4234 v.
386 4181 463 4236 487.“
485 4211 517 4219 -
544 4181 572 4234 in
590 4178 673 4234 schol.
693 4179 766 4234 Plut.
784 4179 837 4236 487
856 4182 884 4235 et
901 4179 952 4236 253
972 4179 1039 4234 haec
1056 4180 1199 4249 leguntur:
1218 4177 1266 4232 διὰ

156 4264 188 4319 τὸ
207 4266 366 4344 κατακόρως
377 4299 411 4308 -
420 4265 598 4344 χρήσασθαι,
618 4281 686 4338 quae
704 4265 840 4322 Dindorfii
855 4265 1034 4323 coniecturam
1049 4282 1104 4322 non
1116 4266 1267 4322 stabiliant.
