2864 4846
154 248 189 303 88
577 244 684 300 Scholia
700 243 730 297 in
749 258 849 313 pacem.

154 400 193 469 τὸ
214 397 257 468 θ’
281 400 390 468 καὶτὸ
413 396 463 487 ιβ’
487 400 542 469 καί
564 399 618 468 ιδ’.
654 399 692 466 τὸ
716 398 751 466 δὲ
775 394 825 466 ια’
848 395 998 489 δίμετρυν
1018 394 1197 488 τροχαϊκόν.
1226 398 1266 470 τὸ

800 500 809 526 t
837 501 846 526 )
872 496 890 523 (λ

154 508 334 574 τελευταῖον
356 505 537 573 παιιυνικὸν
557 500 761 593 τρίρρυθμον.
795 528 839 593 οφ
870 530 888 572 ο
911 502 1068 592 κορωνίς.]

244 635 439 696 361-382,
488 624 591 715 ῆφέρε
613 625 651 715 δῆ
674 623 797 692 κατίδω
820 649 828 693 :
858 621 1008 715 Σῦστῆμα
1028 624 1109 693 κατὰ
1128 650 1266 713 περικο-

156 729 222 820 πῆν
243 727 474 818 οἰνομαιομερὲς
494 726 649 815 ἰαμβείων
669 723 734 814 κβ’.
771 727 830 795 ἐπὶ
850 735 898 818 τῷ
917 729 1002 796 τέλει
1023 730 1266 819 παρδμραφοςῆ]

246 861 441 922 383-399.
496 849 598 938 ῆείπέ
630 876 716 936 μοις
754 851 804 917 Τὰ
841 856 975 918 τοιαῦτα
1012 847 1083 938 εἴδη
1120 854 1267 919 καλεῖται

156 951 374 1046 ἓτερόστροφα
396 955 451 1022 καί
476 953 541 1022 εἰσί
564 952 680 1037 στίχων
701 954 757 1022 καί
780 954 890 1022 κοίλων
914 954 970 1037 ιζ’.
1018 947 1062 1020 ὦν
1083 952 1115 1022 οἱ
1138 961 1268 1044 πρῶτοι

156 1055 212 1127 δύο
244 1059 321 1126 1καὶ
343 1056 362 1127 ὁ
384 1063 441 1148 τῆς
474 1054 605 1147 πρώτης
635 1064 776 1149 στροφῆς
806 1053 841 1125 α’
864 1057 1030 1148 τροχαίκοὶ
1058 1055 1269 1149 τετρυίμετροι

162 1160 418 1252 2καταλῆκτικοί.
441 1161 478 1229 τὸ
500 1161 537 1247 β’
560 1162 739 1230 παιανικὸν
762 1159 911 1252 δίμετρον
930 1157 1167 1252 καταλῆκτικόν.
1195 1159 1271 1250 ὄχ’

157 1265 333 1346 παιιυνικδς
356 1261 568 1356 τετρυίμετρος
588 1263 816 1356 οἰκατσίλῆκτος.
849 1263 867 1334 δ
889 1269 909 1333 δ
916 1265 924 1290 ’
946 1264 1001 1333 καί
1025 1263 1043 1334 ὁ
1065 1263 1136 1356 ἑξῆς
1158 1266 1214 1333 καί
1237 1263 1270 1334 οἰ
1364 1299 1365 1304 “

157 1369 203 1454 α’,
227 1369 262 1450 ς’
283 1377 341 1459 τῆς
362 1369 512 1456 δευτέρας
535 1375 677 1459 στροφῆς
699 1368 808 1455 ὅμοιοι
830 1376 879 1458 τῷ
900 1365 1031 1458 πρώτῳ.
1068 1362 1162 1437 τὰδ’
1185 1367 1270 1438 δίλλα

159 1473 324 1541 παιωνικδι
351 1471 522 1562 δίρρυθμα.
560 1473 619 1541 ἐπὶ
641 1479 714 1553 ταῖς
735 1471 922 1541 ἆποδίσεσι
944 1472 1166 1563 παράχραφος.
1210 1473 1271 1540 ἐπί

158 1576 195 1645 δὲ
215 1581 261 1666 τῷ
282 1575 454 1666 τελευταίῳ
475 1577 582 1666 κιίλιμ,
614 1584 663 1666 τῷ
694 1631 712 1661 ,,
722 1570 855 1645 δέσποτ’
888 1564 1066 1665 α’χαλοῦμεν
1092 1571 1142 1644 αἰεί
1149 1584 1180 1660 ,“
1210 1573 1270 1645 δῦο

159 1683 277 1749 διπλαῖ
296 1678 359 1763 ἔξω
379 1687 565 1764 νενευκυῖαι,
587 1680 605 1771 ῆ
628 1682 687 1766 μὲν
709 1682 742 1749 ἕν
764 1679 843 1771 οἰρχῆ
865 1687 923 1749 τοῦ
946 1680 1066 1764 κοίλου,
1090 1679 1108 1771 ῆ
1132 1681 1168 1750 δὲ
1187 1682 1271 1748 κατὰ

159 1785 198 1853 τδ
220 1785 342 1873 τέλος.]]

248 1895 445 1956 400—425.
493 1885 572 1976 W
603 1881 760 1974 ἀντιβολῶ
791 1914 850 1957 σεε
879 1887 1031 1979 Ιἑλίστῆμα
1058 1888 1167 1979 ἕτερον
1186 1888 1271 1957 κατὰ

159 1992 344 2082 περικοπὴν
369 1992 600 2083 οἰνομοιομερὲς
627 1991 663 2060 ἐκ
691 1992 808 2076 στίχων
836 1991 993 2079 ἰαμβείιον
1025 1989 1087 2074 κς’.
1134 1993 1193 2060 ἐπὶ
1222 2001 1270 2082 τῷ

159 2098 245 2166 τέλει
266 2093 510 2190 παράχραφοςλ]

248 2209 443 2269 426-458.
487 2199 637 2290 ὑμέτερον
658 2201 807 2270 ἐντεῦθεν
822 2228 829 2271 :
847 2204 1000 2292 (Διπλῆί
1022 2202 1078 2270 καί
1100 2202 1135 2270 ἐν
1156 2199 1271 2270 εἰσδέ-

159 2330 210 2375 σει
233 2304 338 2389 στίχοι
359 2305 525 2393 τροχαϊκοὶ
543 2302 752 2394 τετράμετροι
776 2305 1013 2395 καταληκτικολ
1033 2301 1103 2374 εἶτα
1118 2306 1151 2373 ἐν
1170 2305 1271 2374 ἐκθέ-

160 2434 212 2478 σει
232 2407 325 2499 παροί
353 2415 423 2488 τοῖς
449 2409 678 2498 τετραμέτροις
702 2408 824 2493 στίχοις
845 2409 994 2496 ἰαμβικοί
1016 2411 1059 2496 β’,
1091 2407 1149 2477 κδν
1172 2409 1271 2477 ἐπεκ-

159 2513 255 2582 θέσει
275 2517 363 2581 κῶλα
385 2514 431 2600 β’,
470 2507 513 2580 ὧν
534 2514 572 2583 τὸ
594 2513 654 2599 μὲν
676 2514 710 2581 ἐκ
741 2517 860 2582 διπλοῦ
888 2514 1078 2596 σπονδείου,
1115 2513 1153 2582 τὸ
1177 2514 1213 2581 δὲ
1234 2511 1271 2581 ἐκ

158 2622 217 2687 τοῦ
238 2617 386 2707 δευτέρου
408 2616 573 2707 τροχαίου,
595 2618 649 2686 καί
673 2615 771 2686 αὐτοῦ
786 2621 913 2687 διπλοῦ.
937 2619 978 2685 τὰ
993 2619 1028 2686 δὲ
1045 2616 1116 2708 ἑξῆς
1138 2615 1271 2704 ἰαμβεῖα

158 2723 251 2813 μέχρι
274 2727 331 2789 τοῦ
353 2718 530 2805 ,ὑπότεινε
552 2724 590 2812 δῆ
612 2729 681 2802 πῦς
702 2723 758 2789 καί
779 2719 896 2810 κάταγε
919 2728 1023 2790 τοῖσιν
1048 2719 1181 2810 κάλιμς.“
1211 2720 1271 2788 ἐπὶ

158 2834 205 2915 τῷ
226 2826 312 2895 τέλει
334 2824 490 2916 κορωνίς.)

247 2957 455 3016 459—472.-
491 2945 561 3036 (Ἡ
577 2943 734 3032 οἰμοιβαία
756 2945 834 3036 αῦτη
857 2947 981 3037 στροφῆ
1004 2942 1114 3014 κώλων
1128 2946 1199 3014 ἐστί
1215 2944 1269 3030 ιδ’,

158 3048 223 3135 ἔχει
251 3050 287 3118 δὲ
318 3047 390 3142 ἑξῆς
418 3051 473 3119 καί
495 3050 710 3140 α’ντιστροφῆν
742 3050 779 3133 ἐξ
807 3048 929 3136 ὁμοίων
951 3048 1125 3141 ἀρχομένην
1148 3047 1271 3118 κοίλων·

162 3154 238 3221 4καὶ
264 3151 334 3222 ἔστι
364 3154 483 3239 τὸμὲν
507 3161 638 3243 πρῶτον
659 3152 872 3240 τρισίλλαβον
896 3155 978 3222 κατὰ
1007 3151 1271 3242 παλιμβάκχειον.

159 3257 198 3325 τδ
213 3257 249 3326 δὲ
264 3257 302 3344 β’
317 3256 426 3325 παίων
449 3265 588 3348 πρῶτος.
615 3257 705 3328 τὸδὲ
727 3254 759 3344 μ’
782 3257 893 3344 ὅμοιον
915 3264 961 3348 τῷ
975 3259 1105 3348 πριίτιμ.
1130 3261 1167 3328 τδ
1185 3260 1221 3327 δὲ
1236 3256 1270 3327 δ’

159 3360 231 3452 ῆτοι
253 3362 441 3430 δακτυλικδν
465 3365 618 3446 διπλοῦν,
649 3361 668 3451 ῆ
688 3362 857 3452 τροχαϊκδν
886 3363 1128 3453 πενθῆμιμερὲς
1149 3361 1199 3453 εἴη
1221 3360 1269 3449 δι’ν,

158 3464 180 3555 ῆ
200 3461 346 3557 ῆμιόλιον
369 3465 405 3532 ἐκ
428 3462 585 3546 παίωνος·
615 3465 652 3534 τὸ
675 3466 786 3550 μέντοι
808 3472 865 3557 τῆς
885 3462 1101 3558 δντιστροφῆς
1123 3468 1270 3558 κρητικὸν

160 3568 233 3654 ἔχει.
278 3570 315 3636 τὸ
338 3566 369 3636 ε’
390 3571 526 3648 διπλοῦς
551 3567 817 3655 παλιμβυίκχεισς.
862 3571 903 3638 τὰ
927 3569 969 3655 ς’,
995 3569 1024 3654 ζ’
1049 3566 1272 3640 υἰναπαιστικδι

161 3672 306 3763 δίμετρα.
350 3673 388 3741 τὸ
415 3669 448 3762 η’
479 3670 702 3763 ἑφδῆμιμερὲς
731 3674 852 3759 ὅμοιον.
896 3677 937 3741 τιί
966 3671 1018 3760 δ’,
1049 3672 1076 3742 ι’
1106 3675 1271 3742 ’παιωνικδι

159 3773 343 3866 μονόμετρα
365 3777 402 3844 ἐκ
417 3782 583 3866 κρητικιῦν.
604 3776 645 3844 τὰ
661 3774 718 3862 ια’,
745 3776 804 3864 ιβ’,
827 3775 873 3867 ιγ’
896 3776 1120 3848 α’ναπαιστικὰ
1135 3778 1270 3868 δίμετρα

160 3880 395 3968 ἓπιμεμιγμένα
418 3879 622 3967 ἰάμβοις,τά
646 3882 682 3950 δὲ
706 3891 763 3972 τῆς
783 3876 998 3974 οἰντιστροφῆς
1019 3883 1075 3952 καί
1094 3880 1270 3964 δακτύλοις.

249 4095 349 4151 1P0st
366 4098 413 4148 καὶ
433 4095 447 4148 ὁ
467 4101 514 4161 τῆς
531 4095 623 4151 addidi
639 4095 747 4171 πρώτης
815 4098 1029 4166 maumam
1098 4100 1269 4163 διαπλῆ-

162 4178 270 4237 διπλοῦ
284 4184 348 4236 sunt
365 4180 504 4236 Heliodori
524 4184 616 4237 tamen
633 4183 712 4237 valde
730 4188 855 4253 corrupta
871 4186 903 4240 cf.
921 4189 1117 4257 κωλομετρίιιν.
1188 4186 1205 4239 4
1223 4188 1269 4237 καὶ

162 4272 222 4327 ἔστι
240 4301 271 4310 -
296 4274 337 4337 εἴη
360 4268 395 4322 ἂν
415 4269 550 4340 descripta
569 4274 633 4326 sunt
650 4287 681 4324 ex
698 4273 789 4326 vetere
807 4272 909 4328 scholio
925 4273 958 4328 cf.
978 4275 1174 4347 κωλομετρίαν.
