2864 4846
1230 303 1272 342 VII

153 447 264 515 Suidas
286 448 432 527 tradidit,
467 451 504 514 ut
526 449 604 514 mihi
625 447 899 534 persuasissimum
929 449 990 527 est,
1018 449 1069 513 'sic
1092 447 1269 531 unicuique,

154 591 259 657 spero,
302 571 355 655 qui
392 590 499 637 causas
533 571 655 636 nostras
690 572 866 636 accuratius
903 570 1145 649 examinaverit,
1185 570 1270 636 veri-

155 692 258 758 simile
283 693 353 758 crit.

241 815 319 880 Fere
341 814 513 898 integram,
548 816 584 880 ut
603 815 662 879 hoc
687 832 808 898 quoquc
839 833 1099 892 commemorem,
1131 812 1266 879 colome-

155 935 250 1001 triam
270 936 422 1001 hebernus
441 935 480 1000 ad
495 953 623 1019 pacem,
647 935 780 1019 equites,
803 935 917 1016 nubes,
940 934 1158 1000 Acharncnscs
1177 933 1267 999 fabu-

155 1057 218 1136 las,
239 1057 340 1123 multa
360 1056 495 1142 vestigia
517 1058 630 1123 saltem
652 1056 788 1141 reperias
807 1055 847 1121 ad
868 1075 996 1140 vespas,
1017 1075 1105 1136 aves,
1128 1055 1267 1121 Plutum.

243 1177 393 1263 Signandi
412 1178 467 1245 1116
489 1197 579 1257 usus,
602 1179 655 1263 qui
677 1177 784 1262 quanti
805 1179 889 1243 cssct
910 1165 1063 1244 momenti
1084 1177 1116 1242 in
1137 1177 1268 1244 diversis

155 1300 333 1366 auctoribus
357 1299 567 1365 discernendis
589 1299 652 1364 iam
676 1318 770 1382 supra
785 1299 1044 1375 memoravimus,
1065 1301 1102 1364 ut
1116 1317 1177 1364 uno
1194 1317 1269 1364 con·

156 1424 265 1505 spectu
288 1418 619 1504 comprehenderetur,
651 1420 731 1486 calci
750 1420 850 1486 libelli
873 1420 956 1485 affixi
985 1419 1126 1499 tabulas,
1157 1419 1271 1502 quibus

156 1541 333 1622 Heliodori‚
365 1541 606 1626 Hephaestionis
629 1543 840 1608 recentiorum
864 1539 996 1626 denique
1029 1541 1271 1607 scholiastarum

153 1664 311 1729 ¹rationem
332 1665 483 1748 tanquam
505 1664 538 1728 in
559 1663 630 1728 lucc
652 1681 811 1746 ponerem.
840 1680 843 1687 ’

242 1785 440 1870 Fragmentis
482 1783 679 1850 Heliodorcis
729 1785 940 1851 recentiorum
989 1785 1268 1870 grammaticorum
1350 1842 1353 1847 ,

157 1906 274 1972 scholia
299 1906 502 1985 asseruimus
535 1925 598 1972 non
616 1904 703 1990 quod
724 1907 813 1991 acqui
835 1906 997 1991 pendenda
1027 1925 1155 1973 osseca
1174 1910 1269 1990 puta-
1302 1995 1305 2001 ,
1362 1944 1365 1949 -

157 2046 278 2125 remus,
311 2027 365 2094 scd
395 2008 480 2113 quod
503 2027 530 2093 si
550 2027 695 2094 deessent
717 2029 813 2094 ctiam
835 2048 950 2114 magna
971 2048 1043 2113 pars
1067 2028 1164 2112 ipsius
1186 2018 1270 2092 colo-

156 2148 287 2229 mctriac
309 2150 528 2233 requireretur.
574 2151 648 2215 sunt
669 2152 791 2224 mutata
812 2151 890 2219 hacc
911 2170 968 2235 pro
990 2154 1084 2235 captu
1099 2152 1271 2229 auctorum,
1353 2195 1356 2203 -

159 2269 255 2335 variis
277 2270 499 2337 additamentis
521 2271 694 2338 deformata
718 2272 770 2340 vcl
789 2272 823 2338 in
845 2272 934 2358 peius
965 2272 1097 2351 deflexa,
1136 2271 1207 2349 scd,
1245 2271 1272 2336 61

156 2371 276 2440 iontem
303 2394 446 2458 quaeras,
484 2377 565 2441 hanc
594 2395 715 2461 quoque
738 2376 928 2462 farraginem
960 2378 1130 2444 maximam
1159 2375 1272 2442 saltem

155 2497 280 2577 partem
308 2498 438 2562 resectis
467 2497 616 2563 nimirum
644 2517 722 2582 quac
754 2499 966 2564 recentiorum
997 2501 1073 2564 sunt
1105 2498 1144 2564 ad
1166 2499 1270 2583 ipsum

157 2614 363 2684 Heliodorum
390 2617 584 2684 referendam
614 2639 698 2698 6666,
735 2621 837 2686 causis
866 2624 915 2686 sat
945 2620 1038 2686 certis
1069 2619 1268 2705 comprobari

158 2739 272 2820 potest.

216 2844 220 2855 ’
244 2860 387 2946 Denique
406 2862 462 2941 iis,
486 2839 593 2947 quiin
614 2863 752 2948 plagulis
782 2863 832 2929 his
854 2863 1047 2949 corrigendis
1069 2862 1270 2929 familiariter

157 2997 220 3046 una
241 3001 366 3050 mecum
388 3002 513 3067 operam
534 2985 693 3068 ponebant
724 2986 812 3051 velut
840 2985 949 3051 Oarolo
972 2984 1069 3064 Voss,
1104 2985 1270 3069 Rudolpho

157 3104 394 3187 Pcppmucllcr,
436 3104 593 3174 Fridcrico
623 3090 817 3186 (tommano,
860 3106 1074 3191 philosophiae
1104 3108 1166 3172 drr.
1197 3126 1271 3190 gra·
1368 3106 1372 3112 '

158 3225 221 3290 tias
244 3244 312 3310 ago.
421 3261 424 3265 <
881 3262 883 3266 ·
1388 3231 1394 3240 ’

247 3361 364 3447 Scripsi
382 3362 473 3430 Halis
494 3363 652 3432 Saxonum
673 3365 739 3433 Cal.
762 3368 857 3432 Mart.
880 3386 907 3432 a.
929 3366 1182 3435 Mosconxrx.
