2864 4846
589 272 697 347 Scholia
712 273 741 328 in
758 273 850 329 nubes.
1233 278 1268 333 37

159 427 314 520 ρήματος,
345 425 384 495 ἀν
405 428 504 518 μηδέν
538 421 770 498 1ἀποδιδῶται.
799 429 854 498 έδιν
883 431 920 499 δέ
941 429 993 521 ἐνῇ
1015 431 1057 498 τὰ
1077 423 1268 500 ἀνακυκλού-

157 557 251 618 μενα,
286 527 325 600 τό
353 557 389 601 τε
411 530 627 623 ἀντίστροφον
641 539 709 617 ,τοῦ
736 533 851 619 μέλους
880 536 936 603 καί
967 534 1005 602 τὸ
1036 531 1268 625 ἀντεπίρρημα,

158 635 217 704 ἐπὶ
246 641 304 704 τοῦ
326 632 545 726 έπιρρήματος
579 635 711 706 τίθεται
731 637 750 728 ἡ
773 636 840 707 έσω
868 643 1030 724 νενευκυῖα
1063 641 1166 728 διπλῆ
1186 637 1268 729 ὑπὲρ

157 747 214 808 τοῦ
236 743 380 831 δηλῶσαι
402 741 453 810 ὅτι
475 741 547 809 έστὶ
567 743 609 810 τὰ
633 735 932 828 ἀνταποδιδόμενα·
962 741 1021 810 έπί
1043 742 1080 810 δέ
1099 749 1155 810 τοῦ
1176 737 1268 810 ἀντε-

157 840 360 937 πιρρὴματος
382 844 401 936 ἡ
419 843 481 928 ἔξω
503 851 670 919 νενευκυῖα.
696 846 749 915 2έν
766 846 802 916 δὲ
815 853 885 927 τοῖς
901 839 1156 933 ἀποδιδομένας
1167 846 1267 914 πάλιν

157 942 207 1038 ἐφ’
239 944 378 1041 ἑκάστης
412 956 554 1041 στροφῆς
587 950 810 1042 παράχραφος.
854 951 912 1029 ἐπὶ
945 951 982 1020 δέ
1002 957 1060 1019 τοῖ
1086 949 1268 1019 τελαπαίον

156 1048 260 1121 κοίλαν
281 1050 337 1122 δίο
359 1057 493 1140 διπλαῖ,
522 1052 543 1145 ἡ
564 1054 623 1142 μέν
653 1052 722 1122 κατ’
744 1056 862 1147 ἀρχάς,
895 1053 914 1146 ἦ
937 1056 973 1124 δέ
995 1058 1083 1124 κατὰ·
1105 1056 1144 1124 τὸ
1166 1054 1268 1137 τέλος.

158 1152 341 1248 ἀμφότεραι
355 1157 475 1245 ,μέντοι
493 1156 555 1242 ἔξω
578 1164 767 1245 νενεακοῖαι,
798 1162 954 1249 δηλοῦσαν
975 1158 1050 1250 ἡμῖν
1072 1157 1124 1229 δτι
1147 1159 1267 1226 8οἰντα-

157 1259 341 1330 ποδίδοται.
382 1263 440 1330 4τδ
463 1262 499 1331 δέ
525 1262 643 1353 μέτρον
671 1256 851 1332 ἀσύστατον
874 1261 1089 1333 Εὐπολίδειον
1111 1262 1268 1349 καλοίμε-

157 1392 227 1446 νον,
264 1363 381 1450 στίχων
410 1371 585 1455 τροχαϊκσῖν
611 1367 831 1458 τετραμέτρων
862 1372 1103 1459 καταληκτικιῖν
1125 1368 1186 1455 με’,
1223 1359 1267 1434 ὧν

156 1473 337 1551 τελεαταῖος
524 1550 527 1554 ⁸

366 1577 399 1636 ἐς·
407 1574 455 1636 τὰς
472 1575 542 1650 ὥρας
561 1577 611 1638 τὰς
627 1578 719 1649 ἑτέρας
737 1578 765 1632 εὖ
784 1585 902 1653 φρονεῖν
918 1578 1059 1646 δοκήσετε.

157 1679 194 1747 τὸ
215 1679 251 1748 δέ
273 1679 441 1769 τροχαϊκὸν
461 1678 578 1769 μέτρον
601 1680 684 1747 κατὰ
708 1687 820 1748 πᾶσαν
841 1681 901 1767 μέν
918 1679 1026 1770 χώραν
1049 1679 1176 1764 δέχεται
1196 1703 1268 1768 τρο·
1294 1760 1298 1767 .

143 1855 147 1862 ,
154 1788 248 1867 χαῖον
273 1785 328 1852 καί
350 1786 540 1867 σπονδεῖον,
570 1785 654 1875 πλὴν
676 1791 734 1875 τῆς
755 1785 1008 1875 παρατελείντοο,
1031 1785 1077 1875 μὴ
1097 1781 1188 1864 ὄντος
1209 1787 1267 1850 τοῖν

157 1890 275 1977 μέτρου
292 1893 414 1974 χωλοῦ.
455 1889 510 1957 καί
543 1890 624 1958 κατὰ
651 1891 710 1975 μέν
744 1890 803 1970 τὰς
830 1890 985 1981 περιττὰς
1016 1887 1185 1978 τρίβραχον
1211 1886 1268 1954 καὶ

157 1984 329 2075 δάκτυλον,
366 1992 395 2062 εί
423 1990 522 2077 τίχοι.
545 1983 608 2061 τῶν
629 1987 663 2062 δ’
686 1987 804 2084 ἀρτίων
831 1994 890 2075 τὰς
909 1995 969 2081 μέν
991 1992 1102 2082 ἑτέρας
1122 1988 1267 2059 ἀνάπαι-

156 2119 249 2180 στον,
285 2098 341 2165 καὶ
373 2093 428 2179 οὓς
460 2095 540 2188 έφην
578 2097 727 2189 έχχωρεῖν
759 2098 849 2188 πάση
881 2098 978 2190 χώρᾳ.
1020 2095 1112 2176 ἰδίως
1141 2096 1178 2163 δέ
1212 2094 1268 2184 τὴν

155 2200 307 2292 τετάρτην
345 2200 378 2269 έν
413 2198 542 2282 τούτοις
579 2198 705 2288 ἴαμβον.
749 2202 812 2270 ε’πί·
841 2208 890 2292 τηῖ
920 2201 1006 2270 τέλει
1042 2196 1266 2290 παράχραφος.

156 2297 312 2396 ίχρῆνδέ
342 2305 399 2395 τὴν
428 2305 514 2388 λέξιν
537 2306 604 2374 ὑπὸ
631 2312 688 2374 τοῦ
707 2333 728 2390 χ
749 2310 977 2397 σημειοῦσθαι.
1021 2304 1176 2395 ἐχρήσατο
1203 2305 1266 2395 χδρ

154 2413 271 2500 μετοχῇ
292 2402 364 2476 ἀντι
387 2412 574 2499 ονοματοςη

244 2522 439 2583 563-574.
486 2510 707 2604 [ὑψιμέδοντα
732 2514 816 2600 μένε
842 2519 948 2583 Τοῖπο
971 2511 1037 2604 ᾠδὴ
1062 2513 1118 2582 καί
1141 2513 1265 2603 στροφὴ

155 2613 373 2703 ὀνομάζεται,
393 2619 448 2695 διὰ
470 2618 509 2686 τὸ
530 2614 673 2708 στροφήν
700 2645 774 2686 τινα
797 2624 976 2688 ποιείσθω
1005 2618 1062 2686 τὸν
1080 2617 1176 2707 χορὸν
1197 2614 1265 2684 ἀπὸ

154 2729 211 2792 τοῦ
233 2723 320 2812 πρὸς
339 2722 414 2802 τοὺς
435 2722 560 2802 θεατὰς
582 2719 661 2811 δρᾶν
677 2723 733 2791 καὶ
759 2721 889 2815 5ιῖίδειν,
909 2720 957 2804 είς
971 2722 1078 2813 ἕτερον
1093 2714 1267 2812 ἀφορῶντα

154 2826 260 2919 μέρος.
296 2824 426 2896 ἔστιδὲ
449 2823 492 2907 ὡς
514 2823 768 2896 ἔπιτοπλεῖστον
796 2825 843 2907 είς
864 2824 1003 2917 δεοὺςὴ
1026 2820 1098 2916 ᾠδή.
1137 2822 1266 2894 ἔστιδὲ

154 2930 174 3022 ἡ
203 2934 356 3020 παροῦσα
385 2932 508 3021 στροφὴ
539 2926 650 2999 κώλων
674 2927 735 3016 ιβ’.
772 2925 815 2998 ὧν
835 2930 873 3000 τὸ
902 2933 1032 3021 πρέπον
1052 2929 1265 3020 χοριαμβικδν

155 3034 304 3124 δίμετρον
327 3027 562 3126 ἀκατάληκτον,
587 3034 840 3124 έπιμεμιχμένον
861 3031 1013 3125 διωίμβφ.
1031 3034 1069 3104 τὸ
1089 3030 1123 3122 β’
1147 3032 1265 3120 ὅμοιον.

155 3139 193 3211 τὸ
214 3139 325 3229 τρίτον
347 3137 501 3230 δίμετρον,
517 3139 760 3230 καταληκτικόν,
790 3138 1042 3229 ἕπιμεμιχμένον
1063 3137 1218 3228 βακχείῳ,
1247 3134 1267 3208 ὃ

156 3340 233 3397 ἁπλᾶ
250 3342 303 3415 μὲν
385 3339 453 3414 ἀνῇ
472 3339 569 3406 ἀναπ,
591 3338 663 3410 qnod
681 3339 785 3396 emend.
803 3338 893 3418 Diibn.
981 3356 995 3395 e
1013 3359 1058 3394 πν.
1078 3339 1094 3393 ὁ
1111 3337 1216 3414 μακρὸς
1233 3339 1266 3394 V.

156 3427 281 3485 extremis
300 3425 390 3482 verbis
411 3426 498 3481 unita
517 3425 665 3481 scholiasta
681 3425 698 3493 ἡ
717 3428 770 3499 μὲν
790 3425 841 3480 οὖν
858 3457 890 3467 -
910 3429 957 3481 καὶ
976 3425 1058 3494 αὕτη,
1088 3425 1159 3482 unde
1176 3426 1268 3496 pergit

156 3514 225 3570 ἑπτὰ
244 3517 293 3582 δῆ,
312 3514 446 3569 Kasterus
464 3513 535 3568 ἑπτὰ
554 3514 585 3567 δὲ

242 3601 266 3655 1'
277 3601 424 3672 Hephaest.
452 3599 497 3670 (cf.
516 3615 573 3670 cap.
591 3599 661 3670 XV.)
691 3598 927 3656 ἀνταποδιδῶται.
953 3597 1001 3653 ἰὰν
1020 3598 1052 3652 δὲ
1071 3599 1125 3672 ἐνῇ.
1162 3599 1266 3653 ἀποδί-

158 3686 239 3742 δοται
258 3690 286 3742 et
303 3687 319 3763 ᾖ
337 3687 417 3742 Ala
506 3689 523 3743 2
550 3686 606 3742 Aut
632 3686 714 3741 verba
735 3687 786 3741 hoe
810 3687 867 3741 loce
894 3687 957 3740 sunt
981 3684 1079 3739 mutila
1101 3687 1150 3739 aut
1167 3688 1268 3743 temere
1323 3703 1326 3709 ’

156 3775 291 3846 deaeripta
310 3791 342 3831 ex
359 3773 569 3845 Hephaestionis
586 3790 643 3844 αφ.
656 3773 714 3828 XV.
804 3774 820 3827 3
843 3773 883 3828 Ue
901 3771 974 3841 apud
992 3772 1219 3843 Hephaestionem
1239 3774 1268 3828 in

155 3861 209 3919 'fine
226 3862 324 3933 eapitis
339 3862 406 3927 XV„
422 3863 460 3916 sie
479 3861 530 3917 hee
547 3862 605 3915 loeo
624 3860 793 3916 scribendum
811 3859 1040 3914 ἀνταποδέδοται
1137 3861 1155 3915 4
1171 3861 1268 3916 Exstat

158 3950 213 4006 alia
231 3949 385 4014 annotatio,
411 3950 486 4004 euius
503 3949 591 4018 prima
608 3948 690 4004 verba
707 3949 806 4003 veteris
828 3946 1023 4002 sant‘schelii:
1061 3941 1159 4030 [[οδτω
1189 3945 1266 4014 νική-

159 4039 234 4112 σαιμ’
255 4039 361 4109 ἔγωγεε
382 4040 476 4104 Διπλῆ
494 4041 618 4094 εἴσδεσις
636 4040 676 4095 εἰς
694 4034 744 4102 τὴν
762 4033 931 4107 παράβασιν.
951 4033 1037 4105 οὗχῆ
1058 4033 1124 4101 αὐτὴ
1139 4036 1172 4089 δέ
1182 4035 1264 4098 ἐστιν,

158 4121 221 4178 οὐδὲ
238 4123 389 4179 τοῦαύτοῡ
409 4126 514 4198 μέτρου
534 4127 565 4197 τη
584 4123 614 4176 ἓν
632 4129 693 4183 ταῖς
711 4125 850 4193 Νεφέλαις
874 4118 1006 4195 πρώταις,
1036 4120 1093 4175 ἀλλ’
1119 4119 1155 4182 ὥς
1179 4119 1264 4190 ὀλίγῳ

158 4208 295 4286 πρότερον
312 4213 432 4284 εἴρηται,
450 4215 498 4263 τοῦ
518 4213 690 4280 καλουμένου
710 4197 928 4286 ΕὐπολιδείοαἮ
956 4198 959 4205 ’
1018 4206 1148 4278 δᾷδειν,
1170 4207 1217 4261 ἐπὶ
1234 4206 1264 4263 τὸ

160 4293 241 4367 ᾅδειν
259 4301 299 4357 εὶς
316 4295 495 4353 Hermannua
