2864 4846
568 267 677 326 scholia
693 267 722 324 in
739 268 812 323 Plut.
1211 263 1247 319 25

131 425 193 510 ἔξω
213 430 381 495 νενευκυῖα.
422 422 549 493 1ἰστέον
572 423 639 510 ὅτι,
676 421 732 493 ὅτε
753 421 888 492 τίθεται
910 423 944 492 ἐν
967 428 1037 504 τοῖς
1057 415 1248 509 ἀμοιβαίοις

130 536 194 599 τῶν
221 530 407 620 ὑποκριτῶν
435 524 630 616 προσώποις
657 527 690 596 έν
714 527 847 598 έκθέσει
870 523 958 596 κῶλά
987 553 1061 595 τινα
1089 526 1171 612 μετὰ
1191 527 1248 617 τὴν

132 632 286 725 περίοδον
314 641 379 702 τῶν
401 630 518 718 στίχοιν
530 636 593 724 λιοὺ
615 630 712 702 αὑτοῦ
734 631 853 722 μέτρου
875 628 971 716 όντα,
1004 628 1025 722 ἢ
1045 629 1102 699 καί
1125 627 1246 718 ἑτέρου,

133 739 276 830 (εὓρηται
304 741 365 827 γὰρ
394 738 451 807 καὶ
479 736 594 828 οὑτως)
625 735 643 807 ὑ
673 745 820 817 τοιοῖπος
848 736 1072 826 σχηματισμός
1100 737 1248 803 καλεῖται

133 846 234 936 διπλῆ
256 844 312 911 διὰ
336 842 374 912 τό
397 843 478 928 μετὰ
499 844 555 932 τὴν
576 841 806 933 συμπλήρωσιν
821 838 940 909 τοότων
953 840 992 908 τὸ
1007 844 1138 930 σημεῖον
1154 838 1247 919 έκτδς

94 966 98 973 ’
133 945 296 1016 τίθεσθαι
317 952 374 1038 τῆς
396 948 531 1038 διπλῆςξ
552 945 635 1035 ὅπερ
656 941 812 1036 τριγώνου
833 943 974 1033 πλαγίου
993 941 1131 1035 σχήματι
1146 941 1249 1012 έοικεν

132 1058 189 1143 τῆς
216 1052 344 1139 βάσεως
367 1049 468 1141 μόνης
496 1047 674 1141 λιποὺσης·
710 1047 781 1136 μεθ
811 1042 858 1139 ἣν·
873 1048 949 1118 οὐδὲ
974 1054 1073 1138 χοροῦ
1102 1044 1249 1137 πάροδος

134 1155 187 1225 ἀεί
209 1155 347 1244 γίνεται,
372 1148 455 1224 ἀλλὰ
480 1152 639 1238 σπανίως.
660 1153 714 1223 ὅτε
738 1155 774 1223 δὲ
797 1147 834 1223 ου’·
855 1152 988 1222 τίθεται
1002 1156 1091 1220 κῶλα
1105 1158 1249 1234 τοιαῖτα,

135 1255 202 1330 ἀλλ’
224 1260 257 1328 ἐν
280 1251 330 1342 οἷς
351 1257 490 1350 ἤρξαντο
513 1257 651 1344 στίχοις,
672 1259 705 1327 έν
726 1258 855 1341 τούτοις
878 1255 911 1326 οῖ
931 1256 1106 1348 ὑποκριταί
1119 1252 1249 1347 ’παόον-

135 1392 208 1450 ται,
230 1364 269 1433 τδ
292 1372 422 1433 τοιοῦτο
443 1367 590 1433 καλεῖται
613 1353 764 1453 κορωνίς,
788 1363 843 1431 διὰ
865 1362 903 1431 τὸ
923 1363 1006 1449 μετὰ
1028 1362 1084 1452 τὴν
1098 1359 1249 1451 συμπλή-

137 1492 234 1557 ρωσιν
269 1465 390 1537 τοὺτων
419 1467 457 1538 τό
497 1472 628 1559 σημεῖον
662 1473 720 1558 τῆς
748 1465 922 1555 κορωνίδος
954 1465 1131 1563 τίθεσθαι·
1167 1463 1250 1554 ὅπερ

136 1569 265 1664 γραμμή
297 1572 349 1653 τίς
382 1572 454 1640 ἐστι
484 1577 632 1661 βραχεῖα,
671 1571 802 1661 καμπήν
834 1597 908 1639 τινα
939 1568 1096 1639 ὑποκάτω
1118 1561 1249 1652 ἔχουσα·

136 1669 174 1767 ἧς
202 1675 274 1769 ἑξῆς
294 1670 346 1744 ἀεὶ
371 1676 504 1745 τίθεται
536 1667 673 1765 κορωνὶς
702 1673 795 1764 ἑτέρα
819 1682 935 1765 χοροῦ,
970 1671 1251 1766 δπισφραγίζουσα

138 1773 207 1849 οἷον
228 1782 270 1848 τδι
293 1779 443 1871 ῥηθέντα.
465 1780 499 1847 έν
519 1780 556 1848 δὲ
576 1785 649 1861 ταῖς
670 1785 829 1870 στροφαῖς
852 1778 928 1847 2καί
947 1772 1178 1870 ἀντιστροφαῖς
1194 1777 1251 1846 καί

116 1934 119 1938 ι
137 1890 177 1977 τῇ
189 1885 309 1972 μεταξὺ
322 1884 443 1952 τούτων
460 1889 524 1952 τῶν
543 1881 725 1976 ὑποκριτῶν
739 1880 884 1974 περιόδῳ
903 1882 1143 1979 ἔπαράγραφος
1157 1880 1252 1950 τίθε-

139 2017 208 2074 ται,
249 1987 292 2070 ώς
316 1987 522 2078 Ἡφαιστίων
546 1987 661 2080 φησίν·
699 1983 736 2079 ἧς
765 1988 804 2058 τδ
834 1993 938 2080 σχῆμα
958 1988 1086 2078 γραμμή
1108 1985 1159 2067 τίς
1181 1986 1253 2055 ἐστι

139 2098 290 2185 βραχεῖα,
329 2091 441 2184 ῶσπερ
461 2094 533 2161 τινὰ
557 2094 691 2182 στιγμὴν
713 2094 748 2176 ἐν
778 2101 827 2184 τῷ
849 2091 1081 2184 ἀκρῳιέχουοα.
1117 2094 1197 2183 δῆλα
1215 2092 1253 2160 δέ

141 2199 211 2266 ἐστι
235 2197 275 2264 τά
305 2185 438 2264 τοιαῦτα
466 2193 613 2286 σχήματα
642 2198 697 2265 καὶ
720 2196 753 2264 ἒν
776 2186 823 2286 τῷ
850 2194 970 2286 βιβλίῳ
993 2195 1137 2283 κείμενα·
1173 2187 1251 2282 μεθ’

141 2295 183 2369 ῶν
221 2299 292 2368 ἐστι
322 2300 377 2367 καὶ
405 2299 423 2369 ὃ
455 2293 661 2391 ἀστερίσκος,
703 2294 740 2369 οὑ
776 2303 814 2369 τὸ
857 2307 963 2392 σχῆμα
998 2297 1110 2390 ἀστέρι
1139 2297 1252 2370 ἔοικεν.

136 2401 338 2494 Ἡφαιστίων
363 2403 401 2472 δέ
420 2429 519 2495 φησιν
550 2403 622 2473 έὺτι
650 2390 734 2473 κατά
763 2404 819 2495 τὴν
836 2399 1103 2495 Ἀριστοφάνειον
1125 2403 1254 2473 ἔκδοσιν

142 2508 161 2577 δ
183 2506 376 2599 ἀστερίσκος
399 2508 458 2577 ἐπὶ
480 2506 706 2600 ἓτερομετρίας
734 2508 864 2579 ἐτίθετο
886 2506 994 2601 μόνης.
1024 2505 1183 2596 χρώμεθα
1206 2507 1252 2592 δέ,

142 2611 237 2704 φησί,
274 2619 313 2703 τῇ
345 2611 496 2703 κορωνίδι
524 2613 557 2681 ἕν
577 2619 648 2696 τοῖς
679 2613 840 2701 δράμασιν
866 2615 949 2683 κατὰ
977 2610 1122 2703 τρόπους
1149 2605 1253 2703 τρεῖς·

142 2715 215 2809 ἤτοι
235 2715 326 2797 ὅταν,
352 2722 418 2784 τῶν
436 2715 623 2807 ὑποκριτῶν
643 2715 804 2787 εἰπόντων
825 2719 970 2787 τινὰκαὶ
992 2712 1253 2806 ἀπαλλαγέντων,

143 2820 377 2912 καταλείπηται
398 2819 416 2890 ὑ
434 2823 545 2913 χορός·
583 2822 603 2915 ἢ
632 2821 785 2908 ἔμπαλιν·
823 2822 843 2914 ἢ
872 2822 949 2890 ὅταν
978 2823 1157 2909 μετάβασις
1185 2815 1254 2892 ἀπὸ

143 2923 248 2996 τόπου
277 2924 324 3007 εἷς
349 2922 454 2995 τόπον.
478 2925 629 3015 γίνεσθαι
658 2929 738 3019 δοκῇ
757 2935 826 3019 ’τῆς
854 2932 983 3018 σκηνῆς·
1016 2933 1056 3018 τῇ
1087 2926 1124 2995 δὲ
1144 2952 1256 3016 παρα-

144 3030 258 3121 γράφφ
281 3030 373 3122 ὖῆτοι
395 3032 479 3100 κατὰ
500 3032 668 3123 πρόσωπα
691 3030 866 3119 ἀμοιβαῖα,
890 3030 983 3100 ἔντε
998 3037 1068 3113 τοῖς
1088 3020 1256 3118 ῖαμβικοῖς

145 3135 201 3204 καί
221 3141 293 3216 τοῖς
311 3142 455 3225 χορικοῖς
475 3138 594 3223 μεταξὺ
621 3144 680 3228 τῆς
705 3162 741 3204 τε
764 3137 989 3228 στροφῆςκαί
1010 3141 1066 3228 τῆς
1088 3130 1257 3227 ἀντιστρό-

146 3265 217 3330 φου.
240 3239 295 3307 ἐὰν
316 3240 426 3326 μέντοι
448 3240 467 3331 ἡ
490 3242 615 3332 στροφὴ
637 3239 674 3323 ἒξ
693 3237 874 3327 ἀμοιβαίων
903 3241 1039 3332 τυγχάνῃ
1060 3241 1256 3331 συγκειμένη,

146 3336 203 3412 οόκ
232 3340 357 3434 ἐξαρκεῖ
383 3344 469 3432 πρὸς
497 3345 536 3412 τὸ
564 3346 723 3435 δηλῶσαι,
759 3343 810 3415 ὅτι
838 3342 1052 3437 πεπλήρωται
1085 3343 1259 3436 ἡστροφή,

237 3605 253 3660 1
272 3605 350 3660 Oonf.
368 3604 441 3660 Coel.
459 3602 604 3674 Rhodigin.
630 3603 723 3675 Antiq.
744 3605 817 3660 Leot.
843 3604 892 3659 lib.
911 3605 946 3661 15
964 3620 1022 3674 oap.
1038 3605 1090 3677 20,
1116 3608 1145 3661 et
1160 3605 1258 3661 Villoi-

149 3710 206 3748 son.
224 3691 340 3762 praefat.
359 3691 394 3747 od
411 3692 519 3747 Homer.
538 3709 565 3761 p.
580 3691 681 3747 XVIII.
701 3692 791 3746 Diibn.
845 3695 862 3748 2
879 3691 912 3746 Id
929 3695 973 3747 est
990 3693 1020 3749 ἐν
1037 3698 1097 3752 ταῖς
1115 3693 1156 3760 (ἐξ
1172 3692 1259 3766 ἀμοι-

148 3787 237 3849 βαίων
255 3776 424 3852 προσώπων)
445 3786 581 3854 στροφαῖς
598 3783 644 3832 καὶ
663 3778 865 3854 ἀντιστροφαῖς
949 3778 1016 3836 3Id
1033 3781 1076 3833 est
1091 3778 1120 3832 in
1140 3779 1260 3836 diverbio

148 3867 207 3936 ipso
226 3865 262 3921 εδ
278 3865 471 3935 disiungendos
488 3865 560 3920 inter
578 3881 607 3920 eo
625 3866 747 3937 singulos
764 3881 901 3934 personas.
961 3868 980 3922 4
998 3866 1039 3920 Cf.
1052 3865 1125 3935 apud
1136 3866 1261 3935 Hephae-

149 3955 264 4009 stionem
282 3969 341 4022 cap.
357 3952 414 4006 XV.
423 3974 431 4017 ;
452 3953 632 4021 supplendum
650 3952 899 4022 exHepheeotiono,
917 3956 950 4008 ut
962 3954 1070 4024 integre
1090 3953 1143 4008 sibi
1155 3956 1262 4009 constet

120 4064 121 4068 ¹
149 4040 299 4105 sententia,
318 4038 388 4093 ’κατὰ
405 4038 454 4107 τὴν
465 4039 693 4112 Ἀριστοφάνειον
712 4044 761 4093 τοῦ
772 4040 899 4093 Ἀλκαίου
911 4040 1032 4096 ἔκδοσιν.
1056 4041 1176 4111 loquitur
1188 4041 1261 4096 enim

150 4126 182 4181 d'e
207 4128 268 4192 illa,
298 4143 378 4196 quem
410 4125 605 4196 An'stophanes
634 4126 827 4195 grammaticus
853 4129 994 4182 curaverat
1016 4126 1119 4183 Alooei*
1134 4127 1259 4182 editione.
1315 4149 1318 4153 ·
1420 4144 1423 4150 ·

149 4213 253 4267 nemo„
324 4213 341 4267 5
359 4211 422 4280 ἤτοι
441 4229 472 4267 ex
491 4213 651 4269 o'odz'Paris.
669 4215 698 4268 et
712 4212 861 4282 Hephaest.
881 4212 1012 4268 additum.
1031 4217 1095 4283 post
1111 4213 1170 4283 ἤτοι
1189 4213 1261 4284 apud

150 4299 376 4371 Hephaestionem
392 4299 526 4373 Bergkiuo
544 4306 715 4378 παραγραφῇ
734 4294 864 4356 excidisse
882 4304 982 4358 moneo
1048 4364 1051 4369 ,
