<?xml version="1.0" encoding="UTF-8"?>
<!DOCTYPE html PUBLIC "-//W3C//DTD XHTML 1.0 Transitional//EN"
    "http://www.w3.org/TR/xhtml1/DTD/xhtml1-transitional.dtd">
<html xmlns="http://www.w3.org/1999/xhtml" xml:lang="en" lang="en">
 <head>
  <title>
</title>
<meta http-equiv="Content-Type" content="text/html;charset=utf-8" />
  <meta name='ocr-system' content='tesseract 3.04.00' />
  <meta name='ocr-capabilities' content='ocr_page ocr_carea ocr_par ocr_line ocrx_word'/>
</head>
<body>
  <div class='ocr_page' id='page_1' title='image "./heliodoricolome00theigoog_0048.png"; bbox 0 0 2864 4846; ppageno 0'>
   <div class='ocr_carea' id='block_1_1' title="bbox 581 279 1265 341">
    <p class='ocr_par' dir='ltr' id='par_1_1' title="bbox 581 279 1265 341">
     <span class='ocr_line' id='line_1_1' title="bbox 581 279 1265 341; baseline 0.006 -6"><span class='ocrx_word' id='word_1_1' title='bbox 581 279 689 335; x_wconf 79' lang='lat' dir='ltr'>Scholia</span> <span class='ocrx_word' id='word_1_2' title='bbox 704 279 733 334; x_wconf 92' lang='lat' dir='ltr'><strong><em>in</em></strong></span> <span class='ocrx_word' id='word_1_3' title='bbox 751 279 844 335; x_wconf 85' lang='lat' dir='ltr'><strong>nubes.</strong></span> <span class='ocrx_word' id='word_1_4' title='bbox 1229 285 1265 341; x_wconf 82' lang='lat'><strong><em>35</em></strong></span> 
     </span>
    </p>
   </div>
   <div class='ocr_carea' id='block_1_2' title="bbox 123 432 1417 1982">
    <p class='ocr_par' dir='ltr' id='par_1_2' title="bbox 123 432 1417 1982">
     <span class='ocr_line' id='line_1_2' title="bbox 153 432 1264 527; baseline 0.004 -25"><span class='ocrx_word' id='word_1_5' title='bbox 153 435 193 503; x_wconf 87' lang='grc' dir='ltr'><strong><em>τὸ</em></strong></span> <span class='ocrx_word' id='word_1_6' title='bbox 215 432 383 503; x_wconf 75' lang='grc' dir='ltr'><em>ἑνδέκατον</em></span> <span class='ocrx_word' id='word_1_7' title='bbox 404 433 517 520; x_wconf 83' lang='grc' dir='ltr'><strong><em>ὅμοιον</em></strong></span> <span class='ocrx_word' id='word_1_8' title='bbox 541 440 589 524; x_wconf 75' lang='grc' dir='ltr'><strong><em>τῷ</em></strong></span> <span class='ocrx_word' id='word_1_9' title='bbox 609 433 702 526; x_wconf 76' lang='grc' dir='ltr'><strong><em>έκτῳ.</em></strong></span> <span class='ocrx_word' id='word_1_10' title='bbox 730 436 768 505; x_wconf 82' lang='grc' dir='ltr'><strong><em>τὸ</em></strong></span> <span class='ocrx_word' id='word_1_11' title='bbox 793 436 974 506; x_wconf 78' lang='grc' dir='ltr'><strong><em>δωδέκατον</em></strong></span> <span class='ocrx_word' id='word_1_12' title='bbox 995 435 1164 527; x_wconf 84' lang='grc' dir='ltr'><strong><em>τροχαϊκδν</em></strong></span> <span class='ocrx_word' id='word_1_13' title='bbox 1186 464 1264 506; x_wconf 89' lang='grc' dir='ltr'><strong><em>πεν-</em></strong></span> 
     </span>
     <span class='ocr_line' id='line_1_3' title="bbox 154 533 1265 630; baseline 0.005 -24"><span class='ocrx_word' id='word_1_14' title='bbox 154 539 344 629; x_wconf 77' lang='grc' dir='ltr'><strong><em>θημιμερές.</em></strong></span> <span class='ocrx_word' id='word_1_15' title='bbox 370 537 409 608; x_wconf 88' lang='grc' dir='ltr'><strong><em>τδ</em></strong></span> <span class='ocrx_word' id='word_1_16' title='bbox 428 539 693 630; x_wconf 78' lang='grc' dir='ltr'><strong><em>τρισκαιδέκατον</em></strong></span> <span class='ocrx_word' id='word_1_17' title='bbox 715 533 936 629; x_wconf 83' lang='grc' dir='ltr'><strong><em>άναπαιστικὴ</em></strong></span> <span class='ocrx_word' id='word_1_18' title='bbox 957 536 1065 626; x_wconf 79' lang='grc' dir='ltr'><strong><em>βάσις.</em></strong></span> <span class='ocrx_word' id='word_1_19' title='bbox 1092 539 1130 610; x_wconf 88' lang='grc' dir='ltr'><strong><em>τδ</em></strong></span> <span class='ocrx_word' id='word_1_20' title='bbox 1152 565 1265 611; x_wconf 88' lang='grc' dir='ltr'><strong><em>τεσσα-</em></strong></span> 
     </span>
     <span class='ocr_line' id='line_1_4' title="bbox 156 641 1266 732; baseline 0.003 -22"><span class='ocrx_word' id='word_1_21' title='bbox 156 642 407 731; x_wconf 88' lang='grc' dir='ltr'><strong><em>ρεσκαιδέκατον</em></strong></span> <span class='ocrx_word' id='word_1_22' title='bbox 427 642 540 728; x_wconf 85' lang='grc' dir='ltr'><strong><em>ὅμοιον</em></strong></span> <span class='ocrx_word' id='word_1_23' title='bbox 560 651 607 732; x_wconf 80' lang='grc' dir='ltr'><strong><em>τῳ</em></strong></span> <span class='ocrx_word' id='word_1_24' title='bbox 628 641 739 732; x_wconf 84' lang='grc' dir='ltr'><strong><em>ένάτῳ.</em></strong></span> <span class='ocrx_word' id='word_1_25' title='bbox 775 644 814 712; x_wconf 87' lang='grc' dir='ltr'><strong><em>τὸ</em></strong></span> <span class='ocrx_word' id='word_1_26' title='bbox 835 643 1123 712; x_wconf 86' lang='grc' dir='ltr'><strong><em>πεντεκαιδέκατον</em></strong></span> <span class='ocrx_word' id='word_1_27' title='bbox 1149 647 1266 714; x_wconf 93' lang='grc' dir='ltr'><strong><em>δακτυ-</em></strong></span> 
     </span>
     <span class='ocr_line' id='line_1_5' title="bbox 155 739 1266 838; baseline 0.004 -23"><span class='ocrx_word' id='word_1_28' title='bbox 155 747 247 817; x_wconf 82' lang='grc' dir='ltr'><strong><em>λικὸν</em></strong></span> <span class='ocrx_word' id='word_1_29' title='bbox 269 744 508 838; x_wconf 76' lang='grc' dir='ltr'><strong><em>ἔφθημιμερές,</em></strong></span> <span class='ocrx_word' id='word_1_30' title='bbox 533 739 775 832; x_wconf 78' lang='grc' dir='ltr'><strong><em>δἍλκμάνειον</em></strong></span> <span class='ocrx_word' id='word_1_31' title='bbox 800 750 954 817; x_wconf 83' lang='grc' dir='ltr'><strong><em>καλεῖται.</em></strong></span> <span class='ocrx_word' id='word_1_32' title='bbox 976 747 1014 818; x_wconf 81' lang='grc' dir='ltr'><strong><em>τὸ</em></strong></span> <span class='ocrx_word' id='word_1_33' title='bbox 1038 745 1266 819; x_wconf 72' lang='grc' dir='ltr'><strong><em>ἑκκαιδέκατον</em></strong></span> 
     </span>
     <span class='ocr_line' id='line_1_6' title="bbox 156 848 1266 944; baseline 0.003 -23"><span class='ocrx_word' id='word_1_34' title='bbox 156 851 269 938; x_wconf 81' lang='grc' dir='ltr'><strong><em>ὅμοιον</em></strong></span> <span class='ocrx_word' id='word_1_35' title='bbox 289 859 336 941; x_wconf 77' lang='grc' dir='ltr'><strong><em>τῷ</em></strong></span> <span class='ocrx_word' id='word_1_36' title='bbox 356 848 510 940; x_wconf 89' lang='grc' dir='ltr'><strong><em>τετάρτῳ.</em></strong></span> <span class='ocrx_word' id='word_1_37' title='bbox 531 851 569 920; x_wconf 89' lang='grc' dir='ltr'><strong><em>τὸ</em></strong></span> <span class='ocrx_word' id='word_1_38' title='bbox 593 849 871 920; x_wconf 75' lang='grc' dir='ltr'><strong><em>ἑπτακαιδέκατον</em></strong></span> <span class='ocrx_word' id='word_1_39' title='bbox 892 850 1007 938; x_wconf 80' lang='grc' dir='ltr'><strong><em>ὅμοιον</em></strong></span> <span class='ocrx_word' id='word_1_40' title='bbox 1027 859 1074 942; x_wconf 78' lang='grc' dir='ltr'><strong><em>τῷ</em></strong></span> <span class='ocrx_word' id='word_1_41' title='bbox 1095 851 1202 944; x_wconf 81' lang='grc' dir='ltr'><strong><em>τρίτῳ.</em></strong></span> <span class='ocrx_word' id='word_1_42' title='bbox 1228 854 1266 925; x_wconf 87' lang='grc' dir='ltr'><strong><em>τδ</em></strong></span> 
     </span>
     <span class='ocr_line' id='line_1_7' title="bbox 134 949 1268 1045; baseline 0.004 -21"><span class='ocrx_word' id='word_1_43' title='bbox 134 949 433 1024; x_wconf 74' lang='grc' dir='ltr'><strong><em>’ὀκτωκαιδέκατον</em></strong></span> <span class='ocrx_word' id='word_1_44' title='bbox 471 955 585 1041; x_wconf 83' lang='grc' dir='ltr'><strong><em>ὅμοιον</em></strong></span> <span class='ocrx_word' id='word_1_45' title='bbox 619 963 666 1045; x_wconf 77' lang='grc' dir='ltr'><strong><em>τῷ</em></strong></span> <span class='ocrx_word' id='word_1_46' title='bbox 702 952 812 1044; x_wconf 84' lang='grc' dir='ltr'><strong><em>ένάτῳ.</em></strong></span> <span class='ocrx_word' id='word_1_47' title='bbox 849 956 888 1024; x_wconf 87' lang='grc' dir='ltr'><strong><em>τδ</em></strong></span> <span class='ocrx_word' id='word_1_48' title='bbox 920 954 1210 1044; x_wconf 77' lang='grc' dir='ltr'><strong><em>ἐννεακαιδέκατον,</em></strong></span> <span class='ocrx_word' id='word_1_49' title='bbox 1249 951 1268 1028; x_wconf 81' lang='grc' dir='ltr'><strong><em>δ</em></strong></span> 
     </span>
     <span class='ocr_line' id='line_1_8' title="bbox 123 1055 1311 1149; baseline 0.003 -22"><span class='ocrx_word' id='word_1_50' title='bbox 123 1064 126 1069; x_wconf 76' lang='grc'><strong>’</strong></span> <span class='ocrx_word' id='word_1_51' title='bbox 156 1059 393 1148; x_wconf 80' lang='grc' dir='ltr'><strong><em>παρατέίευτον</em></strong></span> <span class='ocrx_word' id='word_1_52' title='bbox 427 1055 638 1145; x_wconf 81' lang='grc' dir='ltr'><strong><em>ὀνομάζεται,</em></strong></span> <span class='ocrx_word' id='word_1_53' title='bbox 683 1059 855 1149; x_wconf 77' lang='grc' dir='ltr'><strong><em>δακτυίικὴ</em></strong></span> <span class='ocrx_word' id='word_1_54' title='bbox 896 1056 1003 1146; x_wconf 80' lang='grc' dir='ltr'><strong><em>βάσις.</em></strong></span> <span class='ocrx_word' id='word_1_55' title='bbox 1048 1061 1086 1132; x_wconf 87' lang='grc' dir='ltr'><strong><em>τὸ</em></strong></span> <span class='ocrx_word' id='word_1_56' title='bbox 1121 1060 1268 1132; x_wconf 80' lang='grc' dir='ltr'><strong><em>εἰκοστὸν</em></strong></span> <span class='ocrx_word' id='word_1_57' title='bbox 1308 1116 1311 1121; x_wconf 84' lang='grc'><strong><em>.</em></strong></span> 
     </span>
     <span class='ocr_line' id='line_1_9' title="bbox 124 1161 1181 1254; baseline -0.009 -20"><span class='ocrx_word' id='word_1_58' title='bbox 124 1162 128 1171; x_wconf 63' lang='grc'><em>“</em></span> <span class='ocrx_word' id='word_1_59' title='bbox 154 1161 269 1251; x_wconf 77' lang='grc' dir='ltr'><strong><em>ὅμοιον</em></strong></span> <span class='ocrx_word' id='word_1_60' title='bbox 288 1169 336 1254; x_wconf 74' lang='grc' dir='ltr'><strong><em>τῷ</em></strong></span> <span class='ocrx_word' id='word_1_61' title='bbox 361 1162 673 1252; x_wconf 83' lang='grc' dir='ltr'><strong><em>πεντεκαιδεκάτῳ.]]</em></strong></span> <span class='ocrx_word' id='word_1_62' title='bbox 1178 1217 1181 1224; x_wconf 88' lang='grc'><strong><em>.</em></strong></span> 
     </span>
     <span class='ocr_line' id='line_1_10' title="bbox 241 1208 1417 1373; baseline 0.003 -37"><span class='ocrx_word' id='word_1_63' title='bbox 241 1277 438 1338; x_wconf 84' lang='grc'><strong><em>476-509.</em></strong></span> <span class='ocrx_word' id='word_1_64' title='bbox 484 1260 565 1354; x_wconf 74' lang='grc' dir='ltr'><strong><em>[ἀλλ’</em></strong></span> <span class='ocrx_word' id='word_1_65' title='bbox 589 1264 745 1356; x_wconf 74' lang='grc' dir='ltr'><strong><em>ε’γχείρειε</em></strong></span> <span class='ocrx_word' id='word_1_66' title='bbox 772 1265 849 1335; x_wconf 80' lang='grc' dir='ltr'><strong><em>1Ἐν</em></strong></span> <span class='ocrx_word' id='word_1_67' title='bbox 870 1267 1002 1337; x_wconf 77' lang='grc' dir='ltr'><strong><em>ἐκθέσει</em></strong></span> <span class='ocrx_word' id='word_1_68' title='bbox 1025 1267 1168 1354; x_wconf 87' lang='grc' dir='ltr'><strong><em>δίστιχον</em></strong></span> <span class='ocrx_word' id='word_1_69' title='bbox 1189 1269 1267 1340; x_wconf 89' lang='grc' dir='ltr'><strong><em>άνα-</em></strong></span> <span class='ocrx_word' id='word_1_70' title='bbox 1308 1208 1417 1373; x_wconf 49' lang='lat' dir='ltr'><strong><em>isti</em></strong></span> 
     </span>
     <span class='ocr_line' id='line_1_11' title="bbox 154 1369 1267 1464; baseline 0.004 -24"><span class='ocrx_word' id='word_1_71' title='bbox 154 1373 330 1442; x_wconf 87' lang='grc' dir='ltr'><strong><em>παιστικὸν</em></strong></span> <span class='ocrx_word' id='word_1_72' title='bbox 354 1371 567 1464; x_wconf 90' lang='grc' dir='ltr'><strong><em>τετράμετρον</em></strong></span> <span class='ocrx_word' id='word_1_73' title='bbox 584 1371 823 1462; x_wconf 85' lang='grc' dir='ltr'><strong><em>καταληκτικόν.</em></strong></span> <span class='ocrx_word' id='word_1_74' title='bbox 852 1369 994 1441; x_wconf 84' lang='grc' dir='ltr'><strong><em>εἰώθασι</em></strong></span> <span class='ocrx_word' id='word_1_75' title='bbox 1021 1375 1081 1462; x_wconf 73' lang='grc' dir='ltr'><strong><em>γάρ</em></strong></span> <span class='ocrx_word' id='word_1_76' title='bbox 1102 1378 1185 1460; x_wconf 86' lang='grc' dir='ltr'><strong><em>μετὰ</em></strong></span> <span class='ocrx_word' id='word_1_77' title='bbox 1207 1377 1267 1458; x_wconf 87' lang='grc' dir='ltr'><strong><em>τὰς</em></strong></span> 
     </span>
     <span class='ocr_line' id='line_1_12' title="bbox 154 1472 1268 1570; baseline 0.004 -25"><span class='ocrx_word' id='word_1_78' title='bbox 154 1474 307 1558; x_wconf 79' lang='grc' dir='ltr'><strong><em>τοιαύτας</em></strong></span> <span class='ocrx_word' id='word_1_79' title='bbox 326 1477 500 1567; x_wconf 82' lang='grc' dir='ltr'><strong><em>περιόδους</em></strong></span> <span class='ocrx_word' id='word_1_80' title='bbox 530 1472 666 1565; x_wconf 79' lang='grc' dir='ltr'><strong><em>ἐπάγειν</em></strong></span> <span class='ocrx_word' id='word_1_81' title='bbox 692 1473 846 1559; x_wconf 87' lang='grc' dir='ltr'><strong><em>δίστιχον.</em></strong></span> <span class='ocrx_word' id='word_1_82' title='bbox 880 1475 940 1544; x_wconf 83' lang='grc' dir='ltr'><strong><em>έπί</em></strong></span> <span class='ocrx_word' id='word_1_83' title='bbox 959 1480 1007 1566; x_wconf 72' lang='grc' dir='ltr'><strong><em>τῷ</em></strong></span> <span class='ocrx_word' id='word_1_84' title='bbox 1025 1476 1112 1546; x_wconf 86' lang='grc' dir='ltr'><strong><em>τέλει</em></strong></span> <span class='ocrx_word' id='word_1_85' title='bbox 1132 1483 1189 1570; x_wconf 82' lang='grc' dir='ltr'><strong><em>τῆς</em></strong></span> <span class='ocrx_word' id='word_1_86' title='bbox 1210 1481 1268 1566; x_wconf 81' lang='grc' dir='ltr'><strong><em>μέν</em></strong></span> 
     </span>
     <span class='ocr_line' id='line_1_13' title="bbox 154 1576 1267 1673; baseline 0.003 -24"><span class='ocrx_word' id='word_1_87' title='bbox 154 1579 365 1662; x_wconf 81' lang='grc' dir='ltr'><strong><em>ἒπεκθέσεως</em></strong></span> <span class='ocrx_word' id='word_1_88' title='bbox 396 1582 453 1649; x_wconf 84' lang='grc' dir='ltr'><strong><em>δύο</em></strong></span> <span class='ocrx_word' id='word_1_89' title='bbox 488 1576 639 1670; x_wconf 79' lang='grc' dir='ltr'><strong><em>συνήθως</em></strong></span> <span class='ocrx_word' id='word_1_90' title='bbox 669 1582 787 1648; x_wconf 82' lang='grc' dir='ltr'><strong><em>διπλαῖ</em></strong></span> <span class='ocrx_word' id='word_1_91' title='bbox 818 1577 881 1661; x_wconf 67' lang='grc' dir='ltr'><strong><em>ἔξω</em></strong></span> <span class='ocrx_word' id='word_1_92' title='bbox 914 1586 1102 1667; x_wconf 84' lang='grc' dir='ltr'><strong><em>νενευκυῖαι,</em></strong></span> <span class='ocrx_word' id='word_1_93' title='bbox 1139 1589 1196 1673; x_wconf 82' lang='grc' dir='ltr'><strong><em>τῆς</em></strong></span> <span class='ocrx_word' id='word_1_94' title='bbox 1230 1584 1267 1652; x_wconf 80' lang='grc' dir='ltr'><strong><em>δέ</em></strong></span> 
     </span>
     <span class='ocr_line' id='line_1_14' title="bbox 154 1683 1265 1774; baseline 0.002 -21"><span class='ocrx_word' id='word_1_95' title='bbox 154 1683 314 1769; x_wconf 87' lang='grc' dir='ltr'><strong><em>διστιχίας</em></strong></span> <span class='ocrx_word' id='word_1_96' title='bbox 343 1684 570 1774; x_wconf 73' lang='grc' dir='ltr'><strong><em>παράγραφος.</em></strong></span> <span class='ocrx_word' id='word_1_97' title='bbox 604 1687 753 1752; x_wconf 82' lang='grc' dir='ltr'><strong><em>καλεῖται</em></strong></span> <span class='ocrx_word' id='word_1_98' title='bbox 774 1684 811 1751; x_wconf 83' lang='grc' dir='ltr'><strong><em>δέ</em></strong></span> <span class='ocrx_word' id='word_1_99' title='bbox 839 1689 941 1752; x_wconf 77' lang='grc' dir='ltr'><strong><em>ταῦτα</em></strong></span> <span class='ocrx_word' id='word_1_100' title='bbox 968 1683 1265 1774; x_wconf 81' lang='grc' dir='ltr'><strong><em>πολυσχημάτιστα,</em></strong></span> 
     </span>
     <span class='ocr_line' id='line_1_15' title="bbox 154 1781 1268 1880; baseline 0.005 -24"><span class='ocrx_word' id='word_1_101' title='bbox 154 1789 209 1857; x_wconf 86' lang='grc' dir='ltr'><strong><em>διά</em></strong></span> <span class='ocrx_word' id='word_1_102' title='bbox 227 1789 266 1858; x_wconf 88' lang='grc' dir='ltr'><strong><em>τὸ</em></strong></span> <span class='ocrx_word' id='word_1_103' title='bbox 288 1784 433 1880; x_wconf 83' lang='grc' dir='ltr'><strong><em>διάφορα</em></strong></span> <span class='ocrx_word' id='word_1_104' title='bbox 457 1789 614 1872; x_wconf 86' lang='grc' dir='ltr'><strong><em>δέχεσθαι</em></strong></span> <span class='ocrx_word' id='word_1_105' title='bbox 633 1789 746 1878; x_wconf 85' lang='grc' dir='ltr'><strong><em>μέτρα.</em></strong></span> <span class='ocrx_word' id='word_1_106' title='bbox 782 1787 823 1854; x_wconf 85' lang='grc' dir='ltr'><strong><em>τὰ</em></strong></span> <span class='ocrx_word' id='word_1_107' title='bbox 846 1790 866 1855; x_wconf 94' lang='grc' dir='ltr'><strong><em>δ</em></strong></span> <span class='ocrx_word' id='word_1_108' title='bbox 872 1781 882 1808; x_wconf 78' lang='lat'><strong>³</strong></span> <span class='ocrx_word' id='word_1_109' title='bbox 912 1789 1028 1880; x_wconf 73' lang='grc' dir='ltr'><strong><em>ἑφεξῆς</em></strong></span> <span class='ocrx_word' id='word_1_110' title='bbox 1049 1787 1106 1875; x_wconf 81' lang='grc' dir='ltr'><strong><em>λβ’</em></strong></span> <span class='ocrx_word' id='word_1_111' title='bbox 1128 1788 1268 1879; x_wconf 80' lang='grc' dir='ltr'><strong><em>ἰαμβικά</em></strong></span> 
     </span>
     <span class='ocr_line' id='line_1_16' title="bbox 153 1883 915 1982; baseline 0.001 -22"><span class='ocrx_word' id='word_1_112' title='bbox 153 1890 233 1961; x_wconf 87' lang='grc' dir='ltr'><strong><em>είσιν</em></strong></span> <span class='ocrx_word' id='word_1_113' title='bbox 252 1886 456 1982; x_wconf 83' lang='grc' dir='ltr'><strong><em>άκατάληκτα</em></strong></span> <span class='ocrx_word' id='word_1_114' title='bbox 476 1889 643 1982; x_wconf 90' lang='grc' dir='ltr'><strong><em>τρίμετρα·</em></strong></span> <span class='ocrx_word' id='word_1_115' title='bbox 667 1883 711 1959; x_wconf 80' lang='grc' dir='ltr'><strong><em>ὧν</em></strong></span> <span class='ocrx_word' id='word_1_116' title='bbox 733 1894 915 1961; x_wconf 84' lang='grc' dir='ltr'><strong><em>τελευταῖον</em></strong></span> 
     </span>
    </p>
   </div>
   <div class='ocr_carea' id='block_1_3' title="bbox 153 2012 1416 2433">
    <p class='ocr_par' dir='ltr' id='par_1_3' title="bbox 153 2012 1416 2433">
     <span class='ocr_line' id='line_1_17' title="bbox 358 2012 1033 2091; baseline 0.001 -22"><span class='ocrx_word' id='word_1_117' title='bbox 358 2012 459 2091; x_wconf 81' lang='grc' dir='ltr'><strong><em>χώρει,</em></strong></span> <span class='ocrx_word' id='word_1_118' title='bbox 478 2018 507 2067; x_wconf 89' lang='grc' dir='ltr'><strong><em>τί</em></strong></span> <span class='ocrx_word' id='word_1_119' title='bbox 524 2012 668 2077; x_wconf 78' lang='grc' dir='ltr'><strong><em>κυπτάζεις</em></strong></span> <span class='ocrx_word' id='word_1_120' title='bbox 685 2015 758 2084; x_wconf 78' lang='grc' dir='ltr'><strong><em>ἔχων</em></strong></span> <span class='ocrx_word' id='word_1_121' title='bbox 775 2018 842 2089; x_wconf 83' lang='grc' dir='ltr'><strong><em>περὶ</em></strong></span> <span class='ocrx_word' id='word_1_122' title='bbox 860 2014 910 2082; x_wconf 79' lang='grc' dir='ltr'><strong><em>τὴν</em></strong></span> <span class='ocrx_word' id='word_1_123' title='bbox 927 2014 1033 2091; x_wconf 81' lang='grc' dir='ltr'><strong><em>θύραν,-</em></strong></span> 
     </span>
     <span class='ocr_line' id='line_1_18' title="bbox 154 2113 1236 2205; baseline 0 -22"><span class='ocrx_word' id='word_1_124' title='bbox 154 2113 214 2184; x_wconf 82' lang='grc' dir='ltr'><strong><em>έπὶ</em></strong></span> <span class='ocrx_word' id='word_1_125' title='bbox 235 2122 282 2205; x_wconf 77' lang='grc' dir='ltr'><strong><em>τῷ</em></strong></span> <span class='ocrx_word' id='word_1_126' title='bbox 303 2114 389 2183; x_wconf 82' lang='grc' dir='ltr'><strong><em>τέλει</em></strong></span> <span class='ocrx_word' id='word_1_127' title='bbox 411 2113 570 2205; x_wconf 91' lang='grc' dir='ltr'><strong><em>κορωνίς.]</em></strong></span> <span class='ocrx_word' id='word_1_128' title='bbox 1230 2159 1236 2167; x_wconf 77' lang='lat'><em>-</em></span> 
     </span>
     <span class='ocr_line' id='line_1_19' title="bbox 243 2220 1416 2324; baseline 0.001 -20"><span class='ocrx_word' id='word_1_129' title='bbox 243 2244 441 2305; x_wconf 80' lang='lat'>510—517.</span> <span class='ocrx_word' id='word_1_130' title='bbox 496 2232 583 2324; x_wconf 78' lang='grc' dir='ltr'><strong><em>[[άλλ’</em></strong></span> <span class='ocrx_word' id='word_1_131' title='bbox 613 2232 670 2303; x_wconf 73' lang='grc' dir='ltr'><strong><em>ἴθι</em></strong></span> <span class='ocrx_word' id='word_1_132' title='bbox 689 2233 833 2323; x_wconf 74' lang='grc' dir='ltr'><strong><em>χαίρωνι</em></strong></span> <span class='ocrx_word' id='word_1_133' title='bbox 874 2240 1004 2304; x_wconf 74' lang='grc' dir='ltr'><strong><em>2Τοῦτο</em></strong></span> <span class='ocrx_word' id='word_1_134' title='bbox 1036 2237 1092 2304; x_wconf 87' lang='grc' dir='ltr'><strong><em>διά</em></strong></span> <span class='ocrx_word' id='word_1_135' title='bbox 1114 2239 1151 2306; x_wconf 88' lang='grc' dir='ltr'><strong><em>τδ</em></strong></span> <span class='ocrx_word' id='word_1_136' title='bbox 1174 2220 1416 2322; x_wconf 49' lang='grc' dir='ltr'><strong><em>είσά-δκτίθδ</em></strong></span> 
     </span>
     <span class='ocr_line' id='line_1_20' title="bbox 153 2333 1267 2433; baseline 0.002 -25"><span class='ocrx_word' id='word_1_137' title='bbox 153 2347 275 2428; x_wconf 76' lang='grc' dir='ltr'><strong><em>μεσθαι</em></strong></span> <span class='ocrx_word' id='word_1_138' title='bbox 295 2342 351 2408; x_wconf 86' lang='grc' dir='ltr'><strong><em>τὸν</em></strong></span> <span class='ocrx_word' id='word_1_139' title='bbox 371 2335 474 2433; x_wconf 87' lang='grc' dir='ltr'><strong><em>χορόν,</em></strong></span> <span class='ocrx_word' id='word_1_140' title='bbox 498 2336 648 2420; x_wconf 76' lang='grc' dir='ltr'><strong><em>ἐξιόντων</em></strong></span> <span class='ocrx_word' id='word_1_141' title='bbox 664 2346 728 2421; x_wconf 77' lang='grc' dir='ltr'><strong><em>τῶν</em></strong></span> <span class='ocrx_word' id='word_1_142' title='bbox 744 2338 934 2429; x_wconf 81' lang='grc' dir='ltr'><strong><em>ὑποκριτῶν,</em></strong></span> <span class='ocrx_word' id='word_1_143' title='bbox 957 2333 1148 2425; x_wconf 79' lang='grc' dir='ltr'><strong><em>ὀνομάζεταί</em></strong></span> <span class='ocrx_word' id='word_1_144' title='bbox 1163 2367 1267 2431; x_wconf 89' lang='grc' dir='ltr'><strong><em>κορω-</em></strong></span> 
     </span>
    </p>
   </div>
   <div class='ocr_carea' id='block_1_4' title="bbox 154 2440 1373 3472">
    <p class='ocr_par' dir='ltr' id='par_1_4' title="bbox 154 2440 1267 2949">
     <span class='ocr_line' id='line_1_21' title="bbox 154 2440 1264 2533; baseline 0.004 -23"><span class='ocrx_word' id='word_1_145' title='bbox 154 2441 213 2524; x_wconf 88' lang='grc' dir='ltr'><strong><em>νίς.</em></strong></span> <span class='ocrx_word' id='word_1_146' title='bbox 243 2446 299 2511; x_wconf 86' lang='grc' dir='ltr'><strong><em>διά</em></strong></span> <span class='ocrx_word' id='word_1_147' title='bbox 321 2444 359 2512; x_wconf 82' lang='grc' dir='ltr'><strong><em>δέ</em></strong></span> <span class='ocrx_word' id='word_1_148' title='bbox 383 2444 421 2511; x_wconf 89' lang='grc' dir='ltr'><strong><em>τδ</em></strong></span> <span class='ocrx_word' id='word_1_149' title='bbox 444 2441 676 2533; x_wconf 74' lang='grc' dir='ltr'><strong><em>προτίθεσθαι</em></strong></span> <span class='ocrx_word' id='word_1_150' title='bbox 694 2449 752 2531; x_wconf 83' lang='grc' dir='ltr'><strong><em>τῆς</em></strong></span> <span class='ocrx_word' id='word_1_151' title='bbox 775 2440 995 2533; x_wconf 79' lang='grc' dir='ltr'><strong><em>παραβάσεως</em></strong></span> <span class='ocrx_word' id='word_1_152' title='bbox 1014 2445 1095 2511; x_wconf 88' lang='grc' dir='ltr'><strong><em>κατὰ</em></strong></span> <span class='ocrx_word' id='word_1_153' title='bbox 1117 2444 1154 2514; x_wconf 89' lang='grc' dir='ltr'><strong><em>τδ</em></strong></span> <span class='ocrx_word' id='word_1_154' title='bbox 1175 2442 1264 2531; x_wconf 81' lang='grc' dir='ltr'><strong><em>έθος,</em></strong></span> 
     </span>
     <span class='ocr_line' id='line_1_22' title="bbox 154 2539 1266 2639; baseline -0.001 -23"><span class='ocrx_word' id='word_1_155' title='bbox 154 2541 344 2634; x_wconf 81' lang='grc' dir='ltr'><strong><em>ὀνομάζεται</em></strong></span> <span class='ocrx_word' id='word_1_156' title='bbox 365 2543 559 2633; x_wconf 81' lang='grc' dir='ltr'><strong><em>κομμάτιον,</em></strong></span> <span class='ocrx_word' id='word_1_157' title='bbox 586 2542 696 2614; x_wconf 82' lang='grc' dir='ltr'><strong><em>κώλων</em></strong></span> <span class='ocrx_word' id='word_1_158' title='bbox 715 2539 809 2615; x_wconf 79' lang='grc' dir='ltr'><strong><em>ὀκτώ.</em></strong></span> <span class='ocrx_word' id='word_1_159' title='bbox 834 2540 877 2614; x_wconf 78' lang='grc' dir='ltr'><strong><em>ὧν</em></strong></span> <span class='ocrx_word' id='word_1_160' title='bbox 898 2547 937 2615; x_wconf 84' lang='grc' dir='ltr'><strong><em>τὸ</em></strong></span> <span class='ocrx_word' id='word_1_161' title='bbox 959 2546 1018 2633; x_wconf 87' lang='grc' dir='ltr'><strong><em>μέν</em></strong></span> <span class='ocrx_word' id='word_1_162' title='bbox 1041 2554 1172 2639; x_wconf 83' lang='grc' dir='ltr'><strong><em>πρῶτον</em></strong></span> <span class='ocrx_word' id='word_1_163' title='bbox 1193 2544 1266 2615; x_wconf 87' lang='grc' dir='ltr'><strong><em>άνα-</em></strong></span> 
     </span>
     <span class='ocr_line' id='line_1_23' title="bbox 154 2646 1266 2742; baseline 0.001 -24"><span class='ocrx_word' id='word_1_164' title='bbox 154 2650 331 2721; x_wconf 88' lang='grc' dir='ltr'><strong><em>παιστικδν</em></strong></span> <span class='ocrx_word' id='word_1_165' title='bbox 362 2649 512 2742; x_wconf 87' lang='grc' dir='ltr'><strong><em>δίμετρον</em></strong></span> <span class='ocrx_word' id='word_1_166' title='bbox 552 2646 789 2741; x_wconf 80' lang='grc' dir='ltr'><strong><em>άκατάληκτον,</em></strong></span> <span class='ocrx_word' id='word_1_167' title='bbox 825 2649 845 2742; x_wconf 75' lang='grc' dir='ltr'>ἢ</span> <span class='ocrx_word' id='word_1_168' title='bbox 872 2651 1085 2738; x_wconf 80' lang='grc' dir='ltr'><strong><em>χοριαμβικδν</em></strong></span> <span class='ocrx_word' id='word_1_169' title='bbox 1116 2650 1266 2741; x_wconf 85' lang='grc' dir='ltr'><strong><em>δίμετρον</em></strong></span> 
     </span>
     <span class='ocr_line' id='line_1_24' title="bbox 154 2751 1265 2846; baseline -0.002 -22"><span class='ocrx_word' id='word_1_170' title='bbox 154 2751 435 2846; x_wconf 77' lang='grc' dir='ltr'><strong><em>δπερκατάληκτον</em></strong></span> <span class='ocrx_word' id='word_1_171' title='bbox 456 2754 669 2842; x_wconf 76' lang='grc' dir='ltr'><strong><em>έπιμιμμένον</em></strong></span> <span class='ocrx_word' id='word_1_172' title='bbox 697 2752 904 2843; x_wconf 90' lang='grc' dir='ltr'><strong><em>δισπονδείῳ.</em></strong></span> <span class='ocrx_word' id='word_1_173' title='bbox 941 2755 980 2822; x_wconf 82' lang='grc' dir='ltr'><strong><em>τὸ</em></strong></span> <span class='ocrx_word' id='word_1_174' title='bbox 1008 2754 1156 2844; x_wconf 82' lang='grc' dir='ltr'><strong><em>δεύτερον</em></strong></span> <span class='ocrx_word' id='word_1_175' title='bbox 1185 2753 1265 2822; x_wconf 87' lang='grc' dir='ltr'><strong><em>άνα-</em></strong></span> 
     </span>
     <span class='ocr_line' id='line_1_25' title="bbox 154 2848 1267 2949; baseline 0 -21"><span class='ocrx_word' id='word_1_176' title='bbox 154 2848 331 2928; x_wconf 85' lang='grc' dir='ltr'><strong><em>παιστικδν</em></strong></span> <span class='ocrx_word' id='word_1_177' title='bbox 349 2858 554 2949; x_wconf 85' lang='grc' dir='ltr'><strong><em>μονόμετρον.</em></strong></span> <span class='ocrx_word' id='word_1_178' title='bbox 575 2858 615 2927; x_wconf 87' lang='grc' dir='ltr'><strong><em>τδ</em></strong></span> <span class='ocrx_word' id='word_1_179' title='bbox 636 2855 745 2946; x_wconf 91' lang='grc' dir='ltr'><strong><em>τρίτον</em></strong></span> <span class='ocrx_word' id='word_1_180' title='bbox 766 2857 824 2925; x_wconf 82' lang='grc' dir='ltr'><strong><em>καί</em></strong></span> <span class='ocrx_word' id='word_1_181' title='bbox 844 2859 883 2926; x_wconf 88' lang='grc' dir='ltr'><strong><em>τὸ</em></strong></span> <span class='ocrx_word' id='word_1_182' title='bbox 905 2855 978 2948; x_wconf 75' lang='grc' dir='ltr'><strong><em>ἑξῆς</em></strong></span> <span class='ocrx_word' id='word_1_183' title='bbox 1000 2858 1056 2926; x_wconf 86' lang='grc' dir='ltr'><strong><em>καί</em></strong></span> <span class='ocrx_word' id='word_1_184' title='bbox 1075 2859 1115 2926; x_wconf 88' lang='grc' dir='ltr'><strong><em>τδ</em></strong></span> <span class='ocrx_word' id='word_1_185' title='bbox 1130 2857 1267 2946; x_wconf 72' lang='grc' dir='ltr'><strong><em>ἕβδομον</em></strong></span> 
     </span>
    </p>

    <p class='ocr_par' dir='ltr' id='par_1_5' title="bbox 154 2956 1373 3366">
     <span class='ocr_line' id='line_1_26' title="bbox 155 2956 1373 3053; baseline 0 -21"><span class='ocrx_word' id='word_1_186' title='bbox 155 2964 213 3033; x_wconf 79' lang='grc' dir='ltr'><strong><em>καί</em></strong></span> <span class='ocrx_word' id='word_1_187' title='bbox 238 2963 294 3034; x_wconf 68' lang='grc' dir='ltr'><strong><em>8τδ</em></strong></span> <span class='ocrx_word' id='word_1_188' title='bbox 317 2956 384 3050; x_wconf 77' lang='grc' dir='ltr'><strong><em>μετ’</em></strong></span> <span class='ocrx_word' id='word_1_189' title='bbox 400 2957 480 3032; x_wconf 70' lang='lat' dir='ltr'><strong><em>adad</em></strong></span> <span class='ocrx_word' id='word_1_190' title='bbox 498 2962 694 3053; x_wconf 79' lang='grc' dir='ltr'><strong><em>χοριαμβικδι</em></strong></span> <span class='ocrx_word' id='word_1_191' title='bbox 713 2959 848 3052; x_wconf 86' lang='grc' dir='ltr'><strong><em>δίμιτρα</em></strong></span> <span class='ocrx_word' id='word_1_192' title='bbox 863 2962 1081 3051; x_wconf 80' lang='grc' dir='ltr'><strong><em>καταληκτικά</em></strong></span> <span class='ocrx_word' id='word_1_193' title='bbox 1097 2962 1145 3043; x_wconf 81' lang='grc' dir='ltr'><strong><em>τίς</em></strong></span> <span class='ocrx_word' id='word_1_194' title='bbox 1163 2961 1267 3053; x_wconf 80' lang='grc' dir='ltr'><strong><em>ἀμφί·</em></strong></span> <span class='ocrx_word' id='word_1_195' title='bbox 1370 3036 1373 3041; x_wconf 67' lang='grc'><strong><em>,</em></strong></span> 
     </span>
     <span class='ocr_line' id='line_1_27' title="bbox 154 3059 1267 3159; baseline -0.001 -23"><span class='ocrx_word' id='word_1_196' title='bbox 154 3075 272 3159; x_wconf 81' lang='grc' dir='ltr'><strong><em>βραχυν</em></strong></span> <span class='ocrx_word' id='word_1_197' title='bbox 293 3063 529 3158; x_wconf 87' lang='grc' dir='ltr'><strong><em>περαιοάμενα,</em></strong></span> <span class='ocrx_word' id='word_1_198' title='bbox 552 3064 751 3157; x_wconf 76' lang='grc' dir='ltr'><strong><em>ἥβακχεῖον,</em></strong></span> <span class='ocrx_word' id='word_1_199' title='bbox 775 3065 832 3133; x_wconf 84' lang='grc' dir='ltr'><strong><em>διὰ</em></strong></span> <span class='ocrx_word' id='word_1_200' title='bbox 852 3066 890 3134; x_wconf 87' lang='grc' dir='ltr'><strong><em>τὸ</em></strong></span> <span class='ocrx_word' id='word_1_201' title='bbox 906 3065 1097 3157; x_wconf 81' lang='grc' dir='ltr'><strong><em>ἀδιάφορον,</em></strong></span> <span class='ocrx_word' id='word_1_202' title='bbox 1117 3059 1267 3154; x_wconf 82' lang='grc' dir='ltr'><strong><em>Ἀριστο-</em></strong></span> 
     </span>
     <span class='ocr_line' id='line_1_28' title="bbox 156 3165 1267 3263; baseline -0.003 -22"><span class='ocrx_word' id='word_1_203' title='bbox 156 3172 271 3263; x_wconf 86' lang='grc' dir='ltr'><strong><em>φάνεια</em></strong></span> <span class='ocrx_word' id='word_1_204' title='bbox 285 3171 342 3240; x_wconf 88' lang='grc' dir='ltr'><strong><em>καὶ</em></strong></span> <span class='ocrx_word' id='word_1_205' title='bbox 357 3168 440 3238; x_wconf 81' lang='grc' dir='ltr'><strong><em>αὐτά</em></strong></span> <span class='ocrx_word' id='word_1_206' title='bbox 453 3165 646 3255; x_wconf 83' lang='grc' dir='ltr'><strong><em>καλαίμενα,</em></strong></span> <span class='ocrx_word' id='word_1_207' title='bbox 667 3171 705 3238; x_wconf 87' lang='grc' dir='ltr'><strong><em>τὸ</em></strong></span> <span class='ocrx_word' id='word_1_208' title='bbox 722 3167 876 3254; x_wconf 88' lang='grc' dir='ltr'><strong><em>πέμπτον</em></strong></span> <span class='ocrx_word' id='word_1_209' title='bbox 889 3169 1104 3259; x_wconf 79' lang='grc' dir='ltr'><strong><em>χοριαμβικδν</em></strong></span> <span class='ocrx_word' id='word_1_210' title='bbox 1116 3168 1267 3260; x_wconf 83' lang='grc' dir='ltr'><strong><em>δίμετρον</em></strong></span> 
     </span>
     <span class='ocr_line' id='line_1_29' title="bbox 156 3267 1268 3366; baseline -0.004 -21"><span class='ocrx_word' id='word_1_211' title='bbox 156 3273 383 3366; x_wconf 81' lang='grc' dir='ltr'><strong><em>άκατάληκτον.</em></strong></span> <span class='ocrx_word' id='word_1_212' title='bbox 413 3274 451 3344; x_wconf 91' lang='grc' dir='ltr'><strong><em>τδ</em></strong></span> <span class='ocrx_word' id='word_1_213' title='bbox 479 3271 573 3343; x_wconf 71' lang='grc' dir='ltr'><strong><em>ἓκτον</em></strong></span> <span class='ocrx_word' id='word_1_214' title='bbox 605 3267 674 3343; x_wconf 87' lang='grc' dir='ltr'><strong><em>άπὸ</em></strong></span> <span class='ocrx_word' id='word_1_215' title='bbox 696 3271 851 3363; x_wconf 77' lang='grc' dir='ltr'><strong><em>ἰαμβικῆς</em></strong></span> <span class='ocrx_word' id='word_1_216' title='bbox 872 3273 999 3359; x_wconf 84' lang='grc' dir='ltr'><strong><em>βάσεως</em></strong></span> <span class='ocrx_word' id='word_1_217' title='bbox 1025 3270 1072 3354; x_wconf 84' lang='grc' dir='ltr'><strong><em>εἰς</em></strong></span> <span class='ocrx_word' id='word_1_218' title='bbox 1095 3280 1268 3363; x_wconf 80' lang='grc' dir='ltr'><strong><em>χοριαμβι-</em></strong></span> 
     </span>
    </p>

    <p class='ocr_par' dir='ltr' id='par_1_6' title="bbox 157 3379 869 3472">
     <span class='ocr_line' id='line_1_30' title="bbox 157 3379 869 3472; baseline -0.003 -23"><span class='ocrx_word' id='word_1_219' title='bbox 157 3380 213 3472; x_wconf 83' lang='grc' dir='ltr'><strong><em>κὴν</em></strong></span> <span class='ocrx_word' id='word_1_220' title='bbox 236 3379 578 3470; x_wconf 80' lang='grc' dir='ltr'><strong><em>ὑπερκατάληκτον.]]4</em></strong></span> <span class='ocrx_word' id='word_1_221' title='bbox 866 3382 869 3389; x_wconf 80' lang='grc'><strong>’</strong></span> 
     </span>
    </p>
   </div>
   <div class='ocr_carea' id='block_1_5' title="bbox 89 3601 1428 4371">
    <p class='ocr_par' dir='ltr' id='par_1_7' title="bbox 89 3601 1428 4371">
     <span class='ocr_line' id='line_1_31' title="bbox 246 3601 1266 3675; baseline -0.002 -11"><span class='ocrx_word' id='word_1_222' title='bbox 246 3611 263 3665; x_wconf 89' lang='grc'>1</span> <span class='ocrx_word' id='word_1_223' title='bbox 280 3608 378 3664; x_wconf 83' lang='lat' dir='ltr'><strong>&#39;I&#39;otnm</strong></span> <span class='ocrx_word' id='word_1_224' title='bbox 395 3605 526 3663; x_wconf 81' lang='lat' dir='ltr'><strong>scholium</strong></span> <span class='ocrx_word' id='word_1_225' title='bbox 544 3621 596 3660; x_wconf 88' lang='lat' dir='ltr'><strong><em>om.</em></strong></span> <span class='ocrx_word' id='word_1_226' title='bbox 616 3602 648 3657; x_wconf 77' lang='lat' dir='ltr'><strong><em>G.</em></strong></span> <span class='ocrx_word' id='word_1_227' title='bbox 682 3601 772 3658; x_wconf 84' lang='lat' dir='ltr'><strong>Verba</strong></span> <span class='ocrx_word' id='word_1_228' title='bbox 789 3601 954 3659; x_wconf 72' lang='grc' dir='ltr'><strong><em>εἰώθασι-</em></strong></span> <span class='ocrx_word' id='word_1_229' title='bbox 971 3606 1100 3675; x_wconf 79' lang='grc' dir='ltr'><strong><em>δίστιχον</em></strong></span> <span class='ocrx_word' id='word_1_230' title='bbox 1117 3606 1182 3661; x_wconf 88' lang='lat' dir='ltr'><strong>sunt</strong></span> <span class='ocrx_word' id='word_1_231' title='bbox 1192 3607 1266 3662; x_wconf 85' lang='lat' dir='ltr'><strong>vete·</strong></span> 
     </span>
     <span class='ocr_line' id='line_1_32' title="bbox 150 3690 1266 3766; baseline -0.005 -14"><span class='ocrx_word' id='word_1_232' title='bbox 150 3695 195 3751; x_wconf 60' lang='lat' dir='ltr'><strong><em>&gt;ris</em></strong></span> <span class='ocrx_word' id='word_1_233' title='bbox 213 3695 369 3766; x_wconf 78' lang='lat' dir='ltr'><strong>interpretis</strong></span> <span class='ocrx_word' id='word_1_234' title='bbox 386 3693 525 3749; x_wconf 79' lang='lat' dir='ltr'><strong>Heliodori</strong></span> <span class='ocrx_word' id='word_1_235' title='bbox 543 3691 595 3747; x_wconf 85' lang='lat' dir='ltr'><strong>etsi</strong></span> <span class='ocrx_word' id='word_1_236' title='bbox 611 3691 718 3745; x_wconf 82' lang='lat' dir='ltr'><strong>mutata</strong></span> <span class='ocrx_word' id='word_1_237' title='bbox 736 3690 771 3744; x_wconf 84' lang='lat' dir='ltr'><strong><em>cf.</em></strong></span> <span class='ocrx_word' id='word_1_238' title='bbox 788 3694 987 3766; x_wconf 76' lang='grc' dir='ltr'><strong><em>κωλομετρίαν.</em></strong></span> <span class='ocrx_word' id='word_1_239' title='bbox 1072 3693 1089 3746; x_wconf 83' lang='grc'>2</span> <span class='ocrx_word' id='word_1_240' title='bbox 1110 3697 1199 3746; x_wconf 82' lang='grc' dir='ltr'><strong><em>Τοῦτο</em></strong></span> <span class='ocrx_word' id='word_1_241' title='bbox 1218 3691 1266 3747; x_wconf 80' lang='grc' dir='ltr'><strong><em>διὰ</em></strong></span> 
     </span>
     <span class='ocr_line' id='line_1_33' title="bbox 89 3774 1268 3856; baseline -0.003 -20"><span class='ocrx_word' id='word_1_242' title='bbox 89 3822 92 3827; x_wconf 83' lang='lat'><em>.</em></span> <span class='ocrx_word' id='word_1_243' title='bbox 158 3780 189 3836; x_wconf 84' lang='grc' dir='ltr'><strong><em>τὸ</em></strong></span> <span class='ocrx_word' id='word_1_244' title='bbox 209 3780 428 3853; x_wconf 70' lang='grc' dir='ltr'><strong><em>εἰσάγεσθαι-</em></strong></span> <span class='ocrx_word' id='word_1_245' title='bbox 444 3787 567 3856; x_wconf 82' lang='grc' dir='ltr'><strong><em>κορωνίς,</em></strong></span> <span class='ocrx_word' id='word_1_246' title='bbox 597 3777 641 3833; x_wconf 85' lang='lat' dir='ltr'><strong><em>his</em></strong></span> <span class='ocrx_word' id='word_1_247' title='bbox 660 3776 750 3832; x_wconf 87' lang='lat' dir='ltr'><strong>verbis</strong></span> <span class='ocrx_word' id='word_1_248' title='bbox 768 3774 913 3833; x_wconf 77' lang='lat' dir='ltr'><strong>scholiasta</strong></span> <span class='ocrx_word' id='word_1_249' title='bbox 929 3781 1031 3834; x_wconf 75' lang='lat' dir='ltr'><strong>temere</strong></span> <span class='ocrx_word' id='word_1_250' title='bbox 1050 3777 1166 3849; x_wconf 81' lang='lat' dir='ltr'><strong>explicat</strong></span> <span class='ocrx_word' id='word_1_251' title='bbox 1185 3779 1268 3835; x_wconf 85' lang='lat' dir='ltr'><strong>verba</strong></span> 
     </span>
     <span class='ocr_line' id='line_1_34' title="bbox 157 3863 1268 3938; baseline -0.004 -16"><span class='ocrx_word' id='word_1_252' title='bbox 157 3867 312 3933; x_wconf 83' lang='lat' dir='ltr'><strong>Heliodori,</strong></span> <span class='ocrx_word' id='word_1_253' title='bbox 337 3883 406 3938; x_wconf 83' lang='lat' dir='ltr'><strong>quae</strong></span> <span class='ocrx_word' id='word_1_254' title='bbox 421 3866 488 3922; x_wconf 77' lang='lat' dir='ltr'><strong>haec</strong></span> <span class='ocrx_word' id='word_1_255' title='bbox 505 3865 616 3922; x_wconf 85' lang='lat' dir='ltr'><strong>fuerunt</strong></span> <span class='ocrx_word' id='word_1_256' title='bbox 633 3863 692 3918; x_wconf 85' lang='lat' dir='ltr'><strong>sine</strong></span> <span class='ocrx_word' id='word_1_257' title='bbox 712 3863 807 3920; x_wconf 88' lang='lat' dir='ltr'><strong>dubio:</strong></span> <span class='ocrx_word' id='word_1_258' title='bbox 844 3870 991 3938; x_wconf 83' lang='grc' dir='ltr'><strong><em>Κορωνίς,</em></strong></span> <span class='ocrx_word' id='word_1_259' title='bbox 1024 3865 1191 3928; x_wconf 69' lang='grc' dir='ltr'><strong><em>ἐξελθόντων</em></strong></span> <span class='ocrx_word' id='word_1_260' title='bbox 1213 3869 1268 3919; x_wconf 81' lang='grc' dir='ltr'><strong><em>τῶν</em></strong></span> 
     </span>
     <span class='ocr_line' id='line_1_35' title="bbox 159 3950 1269 4026; baseline -0.002 -19"><span class='ocrx_word' id='word_1_261' title='bbox 159 3952 317 4026; x_wconf 82' lang='grc' dir='ltr'><strong><em>ὑποκριτῶν</em></strong></span> <span class='ocrx_word' id='word_1_262' title='bbox 334 3953 349 4007; x_wconf 86' lang='grc' dir='ltr'>ὁ</span> <span class='ocrx_word' id='word_1_263' title='bbox 363 3953 454 4026; x_wconf 85' lang='grc' dir='ltr'><strong><em>χορὸς</em></strong></span> <span class='ocrx_word' id='word_1_264' title='bbox 470 3973 493 4007; x_wconf 91' lang='grc' dir='ltr'><strong><em>κ.</em></strong></span> <span class='ocrx_word' id='word_1_265' title='bbox 509 3973 532 4006; x_wconf 89' lang='grc' dir='ltr'><strong><em>τ.</em></strong></span> <span class='ocrx_word' id='word_1_266' title='bbox 551 3955 590 4020; x_wconf 67' lang='lat' dir='ltr'><strong><em>L,</em></strong></span> <span class='ocrx_word' id='word_1_267' title='bbox 620 3952 706 4006; x_wconf 80' lang='lat' dir='ltr'><strong>totam</strong></span> <span class='ocrx_word' id='word_1_268' title='bbox 723 3950 863 4021; x_wconf 80' lang='lat' dir='ltr'><strong>periodum</strong></span> <span class='ocrx_word' id='word_1_269' title='bbox 883 3951 1062 4023; x_wconf 83' lang='grc' dir='ltr'><strong><em>(κομμάτιον)</em></strong></span> <span class='ocrx_word' id='word_1_270' title='bbox 1080 3951 1269 4026; x_wconf 83' lang='grc' dir='ltr'><strong><em>,,κορωνίδα“</em></strong></span> 
     </span>
     <span class='ocr_line' id='line_1_36' title="bbox 159 4036 1428 4117; baseline -0.005 -24"><span class='ocrx_word' id='word_1_271' title='bbox 159 4039 291 4109; x_wconf 76' lang='lat' dir='ltr'><strong>appellari</strong></span> <span class='ocrx_word' id='word_1_272' title='bbox 309 4040 442 4109; x_wconf 81' lang='lat' dir='ltr'><strong>opinatus.</strong></span> <span class='ocrx_word' id='word_1_273' title='bbox 513 4038 578 4096; x_wconf 89' lang='grc' dir='ltr'><strong><em>3τὸ</em></strong></span> <span class='ocrx_word' id='word_1_274' title='bbox 599 4036 704 4092; x_wconf 79' lang='lat' dir='ltr'><strong>addidit</strong></span> <span class='ocrx_word' id='word_1_275' title='bbox 722 4038 901 4092; x_wconf 85' lang='lat' dir='ltr'><strong>Hermannus.</strong></span> <span class='ocrx_word' id='word_1_276' title='bbox 998 4036 1112 4093; x_wconf 78' lang='lat' dir='ltr'><strong>4Alius</strong></span> <span class='ocrx_word' id='word_1_277' title='bbox 1131 4054 1267 4108; x_wconf 85' lang='lat' dir='ltr'><strong>gramma·</strong></span> <span class='ocrx_word' id='word_1_278' title='bbox 1299 4049 1347 4117; x_wconf 59' lang='grc' dir='ltr'><strong><em>ε..</em></strong></span> <span class='ocrx_word' id='word_1_279' title='bbox 1364 4050 1400 4107; x_wconf 59' lang='grc' dir='ltr'><strong><em>ι,</em></strong></span> <span class='ocrx_word' id='word_1_280' title='bbox 1413 4040 1428 4097; x_wconf 74' lang='grc' dir='ltr'><strong><em>,ί</em></strong></span> 
     </span>
     <span class='ocr_line' id='line_1_37' title="bbox 159 4119 1268 4202; baseline 0.001 -23"><span class='ocrx_word' id='word_1_281' title='bbox 159 4125 208 4180; x_wconf 78' lang='lat' dir='ltr'><strong>tici</strong></span> <span class='ocrx_word' id='word_1_282' title='bbox 227 4127 366 4181; x_wconf 77' lang='lat' dir='ltr'><strong>annotatio</strong></span> <span class='ocrx_word' id='word_1_283' title='bbox 385 4127 474 4182; x_wconf 79' lang='lat' dir='ltr'><strong>exstat</strong></span> <span class='ocrx_word' id='word_1_284' title='bbox 491 4125 521 4181; x_wconf 87' lang='lat' dir='ltr'><strong><em>in</em></strong></span> <span class='ocrx_word' id='word_1_285' title='bbox 538 4125 623 4195; x_wconf 81' lang='lat' dir='ltr'><strong>Regio</strong></span> <span class='ocrx_word' id='word_1_286' title='bbox 642 4124 722 4179; x_wconf 75' lang='lat' dir='ltr'><strong>haee:</strong></span> <span class='ocrx_word' id='word_1_287' title='bbox 743 4119 792 4202; x_wconf 70' lang='grc' dir='ltr'><strong><em>[[τὸ</em></strong></span> <span class='ocrx_word' id='word_1_288' title='bbox 813 4123 1020 4197; x_wconf 86' lang='grc' dir='ltr'><strong><em>συστηματικὸν</em></strong></span> <span class='ocrx_word' id='word_1_289' title='bbox 1039 4125 1106 4179; x_wconf 84' lang='grc' dir='ltr'><strong><em>τόδε</em></strong></span> <span class='ocrx_word' id='word_1_290' title='bbox 1125 4126 1155 4179; x_wconf 74' lang='grc' dir='ltr'><strong><em>ἐκ</em></strong></span> <span class='ocrx_word' id='word_1_291' title='bbox 1173 4123 1268 4180; x_wconf 80' lang='grc' dir='ltr'><strong><em>κώλων</em></strong></span> 
     </span>
     <span class='ocr_line' id='line_1_38' title="bbox 160 4209 1268 4287; baseline -0.002 -23"><span class='ocrx_word' id='word_1_292' title='bbox 160 4216 324 4267; x_wconf 80' lang='grc' dir='ltr'><strong><em>συνίσταται</em></strong></span> <span class='ocrx_word' id='word_1_293' title='bbox 341 4212 376 4281; x_wconf 87' lang='grc' dir='ltr'><strong><em>η’.</em></strong></span> <span class='ocrx_word' id='word_1_294' title='bbox 395 4213 426 4268; x_wconf 89' lang='grc' dir='ltr'><strong><em>τὸ</em></strong></span> <span class='ocrx_word' id='word_1_295' title='bbox 439 4212 464 4268; x_wconf 87' lang='grc' dir='ltr'><strong><em>α’</em></strong></span> <span class='ocrx_word' id='word_1_296' title='bbox 473 4209 665 4287; x_wconf 76' lang='grc' dir='ltr'><strong><em>χοριαμβικόν</em></strong></span> <span class='ocrx_word' id='word_1_297' title='bbox 682 4211 813 4284; x_wconf 81' lang='grc' dir='ltr'><strong><em>δίμετρον</em></strong></span> <span class='ocrx_word' id='word_1_298' title='bbox 825 4210 854 4264; x_wconf 71' lang='lat' dir='ltr'><strong><em>lx</em></strong></span> <span class='ocrx_word' id='word_1_299' title='bbox 864 4209 1038 4286; x_wconf 77' lang='grc' dir='ltr'><strong><em>χοριάμβου,</em></strong></span> <span class='ocrx_word' id='word_1_300' title='bbox 1056 4212 1208 4266; x_wconf 85' lang='grc' dir='ltr'><strong><em>σπονδείου</em></strong></span> <span class='ocrx_word' id='word_1_301' title='bbox 1220 4213 1268 4264; x_wconf 83' lang='grc' dir='ltr'><strong><em>καὶ</em></strong></span> 
     </span>
     <span class='ocr_line' id='line_1_39' title="bbox 160 4294 1268 4371; baseline -0.002 -20"><span class='ocrx_word' id='word_1_302' title='bbox 160 4297 354 4371; x_wconf 83' lang='grc' dir='ltr'><strong><em>άμῳιμάκρου.</em></strong></span> <span class='ocrx_word' id='word_1_303' title='bbox 381 4299 412 4353; x_wconf 89' lang='grc' dir='ltr'><strong><em>τὸ</em></strong></span> <span class='ocrx_word' id='word_1_304' title='bbox 430 4299 455 4370; x_wconf 70' lang='grc' dir='ltr'><strong><em>,ί</em></strong></span> <span class='ocrx_word' id='word_1_305' title='bbox 474 4296 644 4355; x_wconf 83' lang='grc' dir='ltr'><strong><em>δακτυλικδν</em></strong></span> <span class='ocrx_word' id='word_1_306' title='bbox 660 4295 846 4371; x_wconf 84' lang='grc' dir='ltr'><strong><em>μονόμετρον.</em></strong></span> <span class='ocrx_word' id='word_1_307' title='bbox 877 4295 908 4351; x_wconf 89' lang='grc' dir='ltr'><strong><em>τὸ</em></strong></span> <span class='ocrx_word' id='word_1_308' title='bbox 926 4295 954 4367; x_wconf 78' lang='grc' dir='ltr'><strong><em>μ’</em></strong></span> <span class='ocrx_word' id='word_1_309' title='bbox 970 4296 1163 4371; x_wconf 79' lang='grc' dir='ltr'><strong><em>χοριαμβικὸν</em></strong></span> <span class='ocrx_word' id='word_1_310' title='bbox 1178 4294 1268 4367; x_wconf 89' lang='grc' dir='ltr'><strong><em>μονό-</em></strong></span> 
     </span>
    </p>
   </div>
   <div class='ocr_carea' id='block_1_6' title="bbox 1016 4382 1059 4448">
    <p class='ocr_par' dir='ltr' id='par_1_8' title="bbox 1016 4382 1059 4448">
     <span class='ocr_line' id='line_1_40' title="bbox 1016 4382 1059 4448; baseline 0 -26"><span class='ocrx_word' id='word_1_311' title='bbox 1016 4382 1059 4448; x_wconf 74' lang='grc'><strong><em>3*</em></strong></span> 
     </span>
    </p>
   </div>
   <div class='ocr_carea' id='block_1_7' title="bbox 0 0 1442 4846">
    <p class='ocr_par' dir='ltr' id='par_1_9' title="bbox 0 0 1442 4846">
     <span class='ocr_line' id='line_1_41' title="bbox 0 0 1442 4846; baseline 0 0"><span class='ocrx_word' id='word_1_312' title='bbox 0 0 1442 4846; x_wconf 95' lang='lat' dir='ltr'><strong><em> </em></strong></span> 
     </span>
    </p>
   </div>
  </div>
 </body>
</html>
