2864 4846
1218 214 1269 272 119

158 369 307 454 leguntur
329 371 421 435 haec:
448 369 655 448 „Percutitnr
677 389 751 436 vero
782 390 890 437 versus
910 372 1127 456 anapaesticus
1147 375 1269 457 praeci-

157 494 216 560 pue
238 495 294 558 per
307 474 480 557 dipodiam,
500 473 659 540 interdum
682 475 714 539 01
734 493 789 558 per
805 475 945 560 singulos
963 477 1094 559 pedes,“
1119 480 1208 544 onius
1223 481 1269 544 rei

159 580 242 664 apud
262 580 529 662 Hephaestionem
552 598 707 662 nusquam
728 581 846 644 mentio
861 580 906 646 fit.
940 579 974 644 in
988 582 1146 648 veteribus
1163 585 1269 649 autem

158 684 284 751 scholiis
299 703 361 749 non
377 684 480 750 solum
498 683 729 766 anapaesticam
744 682 901 768 dipodiam
925 685 976 768 (cf.
993 685 1087 751 schol.
1099 705 1167 769 pac.
1180 688 1267 771 512),

158 789 213 855 sed
236 788 330 855 etiam
352 787 522 871 tripodiam
541 807 596 872 per
620 787 758 871 singulos
781 788 876 872 pedes
897 789 985 855 caedi
1007 790 1058 873 (cf.
1081 791 1177 857 schol.
1199 812 1267 877 pac.

159 900 221 958 775
243 890 481 956 ἅναπαιστικὸν
503 888 667 979 τρίπουν),
687 894 752 956 iam
774 912 868 977 supra
891 894 1036 960 vidimus,
1080 915 1140 961 vox
1161 898 1267 961 01110111
1377 885 1380 890 ’

158 994 506 1084 ,,βροχυκατάληκτος“
522 1016 584 1063 uno
600 998 724 1062 nonnisi
738 997 808 1062 loco
824 997 960 1063 traditur
982 999 1034 1082 (cf.
1049 999 1083 1064 in
1094 1000 1190 1067 schol.
1200 1020 1267 1086 pac.

159 1109 241 1166 1329
272 1100 414 1165 Ἰωνικῶν
457 1099 615 1187 διμέτρων
655 1095 978 1188 βραχιααταλήκτων).
1031 1123 1131 1186 neque
1164 1106 1268 1170 minus

157 1208 200 1273 Μ.
216 1206 397 1273 Victorinus
420 1207 525 1272 verbis
543 1208 593 1272 his
615 1207 819 1285 „Dimetrum
839 1206 1148 1289 brachycatalectum
1171 1209 1268 1292 (anti-

156 1311 357 1397 0000110010),
383 1311 465 1396 quod
487 1310 613 1394 quidam
633 1304 864 1396 Φερεκράτειον
880 1308 991 1388 ἀτελὲς
1006 1315 1157 1391 1000111,“
1180 1314 1266 1380 1010-

156 1434 222 1481 rem
249 1416 408 1500 intellegit
436 1404 654 1499 interpretem,
687 1415 1021 1481 0100101101456
1052 1412 1090 1479 τὸ
1112 1413 1143 1480 ε’
1168 1421 1267 1503 Φερε-

115 1544 119 1552 ·
157 1517 329 1607 conturbor
351 1518 475 1599 ἀτελές,
507 1521 560 1603 qui
583 1539 693 1586 versus
714 1520 796 1602 apud
819 1522 940 1585 ceteros
957 1521 1181 1604 grammaticos
1204 1540 1267 1586 non

155 1625 420 1692 commemoratur
443 1623 482 1688 cf.
503 1644 573 1707 pag.
592 1632 664 1688 114.
685 1662 728 1715 T*

243 1730 291 1794 De
314 1730 415 1792 metro
444 1727 648 1811 antispastico
679 1728 739 1811 hoc
768 1727 866 1793 tradit
889 1728 1008 1793 Marius
1030 1728 1210 1793 Victorinus
1233 1729 1265 1793 in

155 1834 208 1898 lib.
225 1833 257 1897 Π
280 1853 346 1916 cap.
363 1833 441 1897 Vll:
463 1833 555 1912 „scio
577 1832 729 1915 quosdam
751 1852 843 1915 super
865 1833 1033 1915 antispasti
1057 1833 1159 1916 specie
1184 1833 1264 1898 reci-

154 1937 266 2022 pienda
294 1938 377 2002 inter
404 1956 519 2004 novem
541 1939 708 2021 prototypa
738 1936 907 2002 dubitasse.
953 1956 1063 2003 verum
1090 1937 1267 2001 cumidem

154 2042 222 2125 pari
245 2041 431 2126 cognatione
450 2034 536 2106 'cum
564 2041 742 2106 choriambo
765 2041 928 2124 copuletur
957 2078 997 2086 —
1036 2041 1142 2105 locum
1164 2041 1266 2106 eidem

155 2147 430 2211 etauctoritatem
459 2146 542 2211 inter
564 2147 747 2229 principalia
777 2144 998 2213 vindicandam
1021 2164 1088 2211 esse
1113 2145 1266 2210 dixerunt.

155 2249 332 2334 coniugatio
359 2251 542 2333 antispasti,
580 2253 617 2316 ut
637 2251 715 2316 Iuba
742 2252 848 2316 noster
869 2251 962 2333 atpne
990 2249 1046 2315 alii
1073 2249 1269 2315 Graecorum

156 2355 332 2437 opinionem
364 2355 465 2420 secuti
491 2355 646 2431 referunt,
682 2373 745 2419 non
773 2374 894 2437 semper
922 2355 968 2418 ita
997 2355 1196 2436 perseverat,
1233 2355 1270 2418 ut

155 2457 189 2522 in
207 2458 359 2543 principio
381 2458 469 2542 pedis
492 2459 616 2523 iambus
640 2459 839 2524 collocetur.“
881 2477 981 2540 neque
996 2459 1071 2549 hnic
1094 2458 1268 2523 sententiae

155 2563 331 2647 repugnant
350 2563 469 2628 scholia
491 2565 613 2641 vetera,
636 2565 669 2628 in
691 2563 804 2646 quibus
827 2562 854 2627 si
876 2563 980 2627 minus
1003 2563 1106 2627 multa
1127 2563 1162 2627 at
1184 2564 1269 2627 00110

154 2667 306 2733 nonnulla
334 2668 428 2732 huius
456 2669 551 2732 metri
586 2668 726 2751 exempla
762 2667 966 2732 inveniuntur
997 2666 1085 2732 velut
1113 2667 1147 2730 in
1174 2666 1270 2731 schol.

155 2792 202 2855 eq.
215 2778 276 2837 551
295 2771 327 2854 (l
330 2764 503 2835 ’1010110101
520 2774 552 2837 01
570 2764 812 2858 Φερεκράτειον)
829 2775 861 2836 01
880 2773 913 2835 111
929 2770 1018 2836 schol
1030 2790 1076 2852 eq.
1091 2777 1163 2835 973.
1184 2771 1269 2835 10010
1308 2848 1313 2854 .

154 2876 253 2960 igitur
274 2877 379 2959 pergit
393 2876 514 2941 Marius
530 2876 662 2942 Victor:
684 2875 895 2942 indifferenter
911 2875 994 2940 enim
1018 2877 1162 2940 auctores
1177 2874 1270 2957 lyrici

154 2980 256 3045 metro
277 2980 478 3063 antispastico
500 2980 592 3045 initia
614 2981 856 3062 praestterunt,
879 2998 970 3062 saepe
995 2979 1079 3044 enim
1093 2997 1149 3062 pro
1164 2979 1269 3045 iambo

154 3085 254 3165 primo
279 3085 333 3148 aut
355 3083 510 3166 spondeus
534 3086 588 3149 aut
610 3086 777 3166 trochaeus
800 3082 926 3167 ponitur
950 3083 988 3166 (-
1001 3105 1022 3135 υ
1035 3121 1053 3132 -
1068 3105 1089 3135 υ
1108 3084 1112 3167 Ι
1133 3105 1153 3133 υ
1167 3123 1182 3130 -
1197 3084 1268 3167 w)
1291 3112 1294 3117 ⁴

156 3189 187 3252 et
209 3188 307 3253 intra:
336 3208 441 3272 „quae
465 3189 603 3254 admixta
623 3190 696 3254 sunt
724 3187 868 3253 iambicis
890 3186 1162 3272 coniugationibus
1186 3188 1268 3252 anti·
1328 3272 1331 3277 .

155 3292 305 3376 spastica,
328 3291 513 3357 iucundiora
533 3294 634 3357 sunt.“

241 3397 289 3460 De
321 3398 422 3461 metro
457 3396 579 3475 lonico,
623 3395 698 3480 quid
732 3394 874 3461 docuerit
908 3394 1112 3472 Heliodorus,
1147 3395 1268 3460 Marius

155 3499 336 3566 Victorinus
363 3501 510 3566 disseruit
537 3501 571 3565 in
602 3500 730 3566 secundi
758 3500 832 3565 libn‘
863 3501 964 3583 capite
993 3518 1090 3565 nono:
1130 3500 1162 3564 at
1191 3499 1269 3563 Iuba

154 3606 261 3670 noster
286 3643 330 3652 —
351 3605 499 3671 insistens
521 3604 686 3672 Heliodori
708 3604 852 3688 vestigiis
877 3643 912 3651 -
945 3605 1041 3688 negat
1063 3604 1123 3668 hoc
1144 3604 1267 3680 vitium,
1355 3637 1358 3640 ι

154 3712 190 3774 ut
211 3710 337 3793 quidam
361 3711 520 3789 asserunt,
547 3710 760 3794 rhythmicum
781 3709 847 3774 1010
869 3732 894 3772 κ.
909 3731 937 3770 τ.
954 3707 981 3772 λ.
1026 3707 1157 3790 longum
1180 3706 1267 3772 vide-

154 3815 206 3878 tur
229 3833 265 3877 ac
288 3833 553 3896 supervacaneum
576 3816 716 3896 repetere
740 3814 836 3882 verba
857 3811 1033 3895 Westphali
1057 3813 1141 3876 hunc
1161 3810 1268 3876 locum

154 3916 343 3982 illustrantis
375 3918 473 4001 (Allg.
502 3918 594 3983 Metr.
627 3937 698 4002 pag.
722 3919 813 4001 113);
858 3918 935 3982 haec
969 3919 1074 3982 autem
1105 3915 1267 3980 Diomedis

155 4021 250 4088 uerba
272 4021 385 4088 addere
406 4023 500 4088 liceat
519 4042 556 4086 er
576 4021 687 4087 eodem
707 4022 793 4086 fonte
816 4023 932 4105 petita:
956 4022 1013 4101 „in
1036 4019 1176 4084 dimetris
1198 4021 1267 4103 qui·

156 4124 241 4203 dem,
279 4145 350 4191 oum
378 4128 463 4210 prior
490 4126 575 4192 basis
608 4127 806 4208 pentasemos
841 4126 953 4205 fuerit,
991 4124 1051 4191 erit
1080 4124 1145 4188 sine
1174 4124 1266 4189 dubio

158 4229 296 4297 secunda
323 4232 551 4315 heptasemos.“
602 4230 640 4310 01,
668 4231 712 4295 M.
735 4230 890 4304 Victorini
916 4231 1013 4297 verba
1036 4231 1113 4295 haec
1138 4229 1177 4317 (1.
1196 4227 1268 4315 1211
