2864 4846
207 281 242 336 84
643 280 751 338 Scholia
768 280 797 336 in
814 297 886 336 aves.

205 442 315 505 ταῦτα.
338 435 370 503 ἐν
392 435 523 504 ἐκθέσει
545 435 581 504 δὲ
602 433 711 520 στίχος
733 435 884 524 ἰαμβικὸς
904 424 1078 526 τρίμετροε
1098 429 1320 526 υἰκατσίληκτος

207 540 322 626 ὅμοιος
340 547 410 621 τοῖς
432 538 513 632 ἑξῆς.
547 539 605 608 ε’πί
629 549 675 629 τῷ
699 541 783 609 τέλει
806 539 970 631 κορωνίςλ]

252 726 257 735 .
297 635 380 744 12δί
392 673 534 732 -1312,
587 662 689 730 δεινόν
720 689 755 729 τε
785 663 841 729 τὸν
868 662 1019 753 κήρυκας
1062 659 1249 749 λΕίσθεσις
1283 663 1321 729 δὲ

206 771 264 856 τῆς
286 768 404 856 διπλῆς
425 759 602 852 οἰμοιβαίας
624 772 686 832 τῶν
707 763 904 853 ὑποκριτῶν.
931 764 962 832 οἰ
987 765 1023 833 δὲ
1043 765 1146 848 στίχοι
1171 764 1320 851 ἰαμβικυί

206 868 371 958 τρίμετροι
393 863 608 961 οἰκατοίληκτοι
630 872 676 956 μδ
682 865 699 936 ’.
734 862 778 936 ὦν
799 872 981 950 τελευταῖος

416 992 469 1063 ἐγὼ
490 991 519 1045 δ’
540 994 654 1047 ἐκείνων
672 991 735 1050 τοὺς
754 989 922 1067 προσιόντας
943 994 1070 1066 δέξομαι.

207 1094 266 1162 ἐπί
280 1101 327 1183 τῷ
342 1093 427 1163 τέλει
450 1097 551 1183 διπλῆ
573 1091 635 1176 ἔξω
656 1098 846 1183 νενευκυῖα]

296 1225 535 1283 1313-1328.
583 1214 687 1302 [ταχὺ
719 1209 755 1283 δ’
783 1214 822 1281 δν
844 1214 1029 1302 πολυάνορα
1054 1239 1061 1282 :
1090 1213 1143 1280 ‘H
1160 1209 1319 1302 οἰμοιβαία

207 1319 285 1410 aisn)
309 1317 463 1408 περίοδος
484 1317 587 1386 ἔοικεν
609 1319 743 1386 ἐκθέσει
766 1321 904 1409 διπλῆς,
936 1314 1046 1386 κώλων
1069 1312 1150 1386 οὸσα
1174 1313 1320 1388 οἰναπαι-

207 1433 323 1491 στικιῦν
347 1424 400 1491 καί
424 1421 585 1508 ἰαμβικιδν
608 1419 662 1505 ιζ’.
685 1416 728 1490 ὧν
749 1423 787 1490 τὸ
811 1429 944 1510 πρῶτον
966 1421 1205 1492 οἰναπαιστικὸν
1228 1423 1321 1510 δίμε-

206 1554 281 1616 τρον
309 1521 536 1619 οἰκατοίληκτον.
581 1527 619 1593 τὸ
649 1527 684 1613 β’
717 1525 868 1622 ἰαμβικὸν
895 1525 1044 1615 δίμετρον
1077 1529 1319 1618 καταληκτικόν,

205 1629 276 1723 ἤτοι
299 1630 540 1722 ὸφθρμιμερές,
565 1624 584 1698 ὃ
606 1634 751 1699 καλεῖται
784 1623 1050 1719 ’ἵνακρεόντειοκ
1080 1631 1118 1700 τὸ
1141 1628 1175 1718 γ’
1198 1631 1320 1718 ὅμοιον.

205 1737 243 1803 τὸ
265 1737 300 1802 δ’
321 1735 436 1822 ὅμοιον
455 1743 502 1824 τῷ
525 1736 569 1806 α’.
614 1735 651 1803 τὸ
675 1731 706 1802 ε’
730 1733 842 1820 ὅμοιον
863 1741 910 1822 τῷ
931 1731 977 1820 β’.
1020 1736 1059 1801 τὸ
1081 1736 1115 1817 ς’
1140 1739 1194 1803 καί
1225 1736 1262 1803 τὸ
1286 1732 1319 1818 ζ’

206 1834 430 1908 ἅναπαιστικὰ
453 1845 692 1929 πενθημιμερῆ.
735 1839 776 1906 τὸ
798 1835 840 1928 η’,
870 1835 921 1922 θ’,
946 1839 994 1924 ιγ’
1018 1838 1115 1923 ὅμοια
1137 1847 1183 1928 τῷ
1201 1838 1248 1923 α’,
1277 1841 1318 1906 τὸ

206 1946 226 2010 δ
233 1937 241 1961 '
264 1941 348 2012 ἰίλλα
370 1952 416 2033 τῷ
438 1951 461 2030 β
468 1944 485 2011 ’.
520 1943 579 2010 ε’πί
609 1950 655 2031 τῷ
677 1942 762 2010 τέλει
785 1940 819 2008 αἰ
843 1939 995 2032 συνήθεις
1017 1946 1163 2033 διπλαί.]]

295 2075 535 2133 1329—1336.
579 2069 695 2154 Μανῆς
724 2061 784 2152 γάρ
807 2063 877 2131 ἐστι
900 2064 1034 2144 δειλόςτ
1075 2063 1262 2152 [[Είσθεσις
1282 2067 1320 2133 δὲ

205 2175 313 2257 χοροῦ,
338 2168 482 2257 ἕπῳδικὴ
502 2168 561 2254 μὲν
582 2169 636 2236 διὰ
658 2169 696 2235 τὸ
717 2168 799 2254 μετὰ
820 2169 876 2258 τὸν
898 2169 1017 2258 διπλῆν
1039 2167 1211 2253 τίθεσθαι,
1235 2196 1320 2260 προ-

171 2287 173 2292 ’
206 2274 307 2365 ιμδικὴ
329 2275 366 2341 δὲ
388 2275 443 2341 διὰ
464 2274 503 2341 τὸ
524 2272 754 2362 προτίθεσθαι
776 2270 888 2362 ἑτέρας
910 2270 1080 2361 περιόδου,
1110 2271 1219 2341 κοίλων
1240 2273 1320 2342 οἰνα-

206 2387 390 2445 παιστικιῦν
412 2377 451 2444 ε’.
483 2371 527 2444 ὧν
549 2380 590 2444 τὰ
612 2377 655 2460 α’,
675 2375 713 2463 β’
737 2384 972 2468 πενθρμιμερῆ.
1005 2378 1046 2445 τὸ
1067 2378 1110 2464 γ’,
1129 2375 1163 2446 δ’
1184 2379 1320 2468 δίμετρα

206 2474 418 2570 οἰκατιίληκτα.
461 2481 498 2550 τὸ
520 2482 549 2549 ε’
578 2480 730 2568 ἰαμβικὸν
760 2479 993 2570 ἑφθημιμερεῗς,
1038 2482 1072 2547 εἶν
1106 2481 1254 2551 Ῑὲκθέσει
1283 2485 1320 2551 δὲ

206 2584 360 2674 τρίμετρα
380 2585 447 2656 δυό.
483 2585 541 2653 ἕπί
564 2594 611 2675 τῷ
634 2586 720 2654 τέλει
742 2584 907 2674 κοριδνίςλ]

295 2718 535 2778 1337-1371.
576 2706 728 2794 γενοίμαν
751 2700 846 2786 αἰετός
871 2732 878 2774 :
915 2704 1100 2793 βΕἰσθεσις
1122 2705 1233 2797 ἑτέρας
1257 2735 1319 2775 πε-

206 2808 316 2899 ριόδου
346 2810 457 2879 κοίλων
484 2812 539 2879 καί
568 2810 685 2894 στίχων
710 2808 771 2894 λζ’.
816 2804 858 2877 ὧν
888 2812 929 2877 τὰ
953 2808 989 2878 α’
1013 2808 1070 2879 δύο
1100 2812 1320 2881 οἰναπαιστικὰ

206 2914 340 3005 δίμετρα
363 2910 576 3006 οἰκατοίλρκτα.
599 2917 637 2983 τὸ
659 2914 769 3005 τρίτον
790 2914 942 3002 ἰαμβικὸν
963 2912 1191 3006 ἓφθρμιμερίς.
1224 2918 1262 2984 τὸ
1283 2914 1319 2998 ς’

206 3022 309 3087 κῶλον
327 3020 524 3109 μονόμετρυν
554 3016 860 3108 βραχυκατάληκτον.
907 3017 938 3085 οἰ
963 3013 998 3087 δ)
1024 3019 1115 3087 ἰίλλοι
1144 3019 1318 3110 τρίμετροι.

207 3123 265 3190 ἐπὶ
287 3129 361 3202 ταῖς
381 3117 570 3191 οἰποθεῖσεσι
590 3125 644 3191 καί
666 3129 713 3212 τῷ
733 3124 819 3190 τέλει
843 3122 1088 3212 παρυίγραφοςλ]

297 3254 532 3313 1372-1381,
592 3237 798 3330 ιίναπέτομαι
832 3238 872 3333 δή
902 3269 910 3312 :
948 3243 1020 3330 [[‘H
1050 3242 1208 3331 ἀμοιβαία
1242 3245 1320 3337 αὕτη

207 3345 362 3436 περίοδος
382 3352 522 3437 προριδῷ
539 3355 635 3438 χοροῦ
656 3349 757 3431 ἔοικε,
785 3345 895 3417 κοίλων
919 3348 975 3416 καί
997 3347 1113 3433 στίχων
1137 3345 1217 3418 οὖσα
1240 3343 1320 3417 οἰνα-

207 3456 391 3519 παιστικῶν
424 3452 480 3520 καί
518 3451 677 3539 ἰαμβικιδν
700 3449 737 3536 ι’,
775 3451 1032 3540 ἐπιμεμιγμένων
1059 3450 1319 3542 τετραβροίχεσιν.

207 3548 251 3622 ὧν
272 3556 310 3623 τὸ
337 3556 374 3622 α’
396 3554 636 3624 οἰναπαιστικὸν
665 3558 906 3645 πενθημιμερὲς
935 3563 992 3623 τοῦ
1015 3556 1052 3621 α’
1077 3559 1183 3637 ποδὸς
1205 3583 1319 3646 τετρα-

158 3692 159 3696 “
206 3656 350 3747 βράχεος.
394 3662 432 3727 τὸ
446 3656 491 3746 β’
521 3659 671 3750 δίμετρον
701 3662 935 3762 καταληκτικὸν
964 3659 1011 3739 εἰς
1033 3655 1235 3747 δισύλλαβυν.
1279 3663 1319 3730 τὸ
1371 3752 1374 3757 Ι

205 3761 315 3851 τρίτον
338 3762 487 3854 δίμετρον
508 3761 816 3856 βραχυκοτοίληκτον.
840 3762 871 3831 οἰ
893 3763 937 3848 δ’,
963 3760 1003 3847 ζ’,
1026 3761 1060 3854 η’
1082 3762 1230 3850 ἰαμβικοί
1252 3763 1318 3853 τρί-

205 3883 318 3955 μετρον
347 3857 572 3960 δκατᾶληκτοι.
618 3871 656 3937 τὸ
686 3866 714 3937 ε’
737 3864 954 3958 οἰναπαιστικὴ
982 3869 1079 3953 βάσις
1106 3869 1318 3959 καταληκτικὴ

206 3969 254 4051 εἰς
269 3968 469 4059 δισὸλλαβον.
491 3975 530 4041 τὸ
546 3974 579 4055 ς’
599 3972 714 4059 ὅμοιον
736 3981 783 4062 τῷ
804 3970 846 4061 γ’.
877 3974 916 4041 τὸ
937 3971 980 4038 θ’
1003 3971 1155 4058 ἰαμβικὸν
1170 3971 1319 4062 δίμετρον

206 4067 432 4166 οἰκατοίληκτον.
464 4077 502 4145 τὸ
525 4075 551 4144 ι’
572 4075 812 4146 ιίναπαιστικὸν
834 4076 1104 4164 πενθημιμερὲςλ

293 4307 308 4358 1
329 4311 451 4360 εἰσθέσει
467 4306 528 4362 ΑΙδ.
