2864 4846
154 217 205 275 108

242 379 382 445 Tametsi
411 380 516 444 cetera
553 380 697 457 nomina,
732 379 844 462 quibus
882 374 1094 463 appellantur'
1111 378 1266 443 dramatis

95 528 98 534 ·
153 486 275 568 partes,
312 503 439 566 prorsus
470 482 685 549 desiderantur
722 483 809 549 velut
844 477 1017 568 ,πάροδος
1026 487 1053 564 “,
1090 501 1150 565 quo
1181 480 1266 565 apud

153 589 343 653 recentiores
365 587 549 652 scholiastes
571 606 625 652 eae
648 587 846 672 appellantur
863 586 998 671 periodi,
1023 587 1134 670 quibus
1151 587 1266 652 chorus

153 693 186 757 in
208 712 334 759 scenam
358 692 540 774 producitur
570 691 608 756 cf.
635 691 732 756 schol.
755 711 822 773 pac.
841 698 922 769 301,
944 699 997 773 'eq.
1015 698 1094 768 247,
1124 690 1265 757 Acharn.

156 803 234 875 204,
268 797 326 866 ¹ubi
348 796 426 862 talia
456 795 621 879 leguntur:
660 791 807 880 κορωνίς,
835 788 893 858 ’ὅτι
918 791 1095 876 εἰσέρχεται
1119 791 1137 859 ὁ
1158 793 1265 880 χορός.

153 901 264 967 itidem
297 903 402 966 cetera
435 899 546 964 desunt
578 900 705 964 nomina
739 900 827 965 velut
864 895 1067 976 ἐπεισόδιον,
1105 893 1265 980 στάσιμον

154 999 265 1084 ἔξοδος
287 1007 343 1069 aut
365 999 526 1087 ἐπίλογος.
563 1004 673 1069 deinde
697 1004 868 1088 singularia
892 1005 952 1069 etsi
968 1023 1040 1069 cum
1054 1004 1265 1086 Hephaestio-

154 1109 204 1173 nis
230 1128 316 1173 mere
348 1108 553 1191 congruentia
585 1108 711 1173 nomina
733 1108 880 1191 imposita
902 1108 1043 1173 videmus
1073 1107 1265 1173 carminibus

155 1213 241 1278 ebori
283 1214 337 1277 aut
369 1212 567 1277 histrionum.
622 1232 693 1278 cum
728 1213 811 1277 enim
845 1213 927 1296 apud
963 1213 1152 1277 recentiores
1186 1212 1266 1276 nihil

155 1318 256 1382 exstet
277 1316 337 1380 nisi
360 1309 508 1392 εἴσδυσις
529 1313 657 1397 μέλους,
681 1312 700 1403 ἡ
725 1307 791 1402 ᾠδὴ
816 1356 856 1364 ν-
880 1312 899 1403 ὴ
923 1309 1063 1403 (trepide),
1103 1317 1130 1380 si
1152 1317 1266 1381 cohae-

154 1427 226 1486 rent
244 1421 326 1484 inter
349 1439 382 1485 se
406 1422 532 1505 strophe
557 1423 589 1485 et
603 1421 816 1505 antistrophe,
839 1423 895 1486 aut
915 1421 942 1485 si
965 1420 1099 1486 chorum
1117 1439 1268 1485 versuum

155 1542 285 1590 numero
302 1527 375 1589 sunt
390 1524 574 1603 disiunctae,
590 1519 738 1601 εἴοδεσις
749 1522 867 1605 μέλους
877 1529 1021 1610 στροφῆς
1035 1521 1130 1606 λόγον
1141 1518 1267 1603 ἔχουσα,

155 1631 189 1695 in
210 1629 367 1696 veteribus
388 1627 514 1693 scholiis
539 1629 665 1694 easdem
685 1628 800 1712 ubique
832 1649 868 1693 ex
888 1630 1019 1694 metrica
1041 1629 1267 1711 compositione

155 1752 269 1798 nomen
294 1735 418 1798 trahere
441 1733 593 1798 videmus.
640 1753 676 1799 ea
699 1734 782 1797 enim
810 1733 961 1811 earmina,
995 1751 1073 1817 quae
1096 1732 1267 1814 compluri-

152 1838 214 1902 bus
246 1838 422 1903 subsistunt
451 1837 585 1919 periodis
616 1837 716 1922 iisque
745 1838 888 1920 paribus,
926 1857 962 1901 ex
994 1838 1106 1901 harum
1136 1855 1267 1901 numero

158 1941 355 2027 appellantur
378 1934 508 2022 δυάδες,
534 1935 643 2020 δξάδες
662 1938 919 2028 μονοστροιςικαδ
941 1943 979 2006 es.
1003 1940 1100 2005 schel.
1122 1961 1189 2023 pac.
1205 1945 1266 2006 775

157 2044 235 2122 δυὰς
255 2043 507 2132 μονοαυροφικὴ,
533 2046 587 2111 ubi
610 2048 737 2129 strophe
760 2049 791 2112 41
815 2048 1009 2131 antistrophe
1029 2047 1111 2110 inter
1131 2064 1163 2110 se
1184 2046 1267 2110 exci-

157 2151 263 2234 piunt3
285 2150 395 2215 deinde
417 2150 450 2214 in
466 2150 561 2216 schol.
578 2170 625 2233 eq.
643 2158 722 2229 973,
746 2144 821 2228 ἓξδς
843 2155 899 2214 arri
921 2154 1016 2231 χοροῦ
1031 2145 1268 2234 praenosceretur}

158 2254 333 2344 appellatur
356 2273 482 2338 carmen
500 2255 662 2319 ehericum
685 2275 738 2319 sex
753 2253 888 2337 periodis
908 2255 1008 2337 iisque
1031 2252 1159 2336 paribus
1182 2271 1268 2316 eom·

158 2359 311 2444 pesitum,
335 2358 744 2422 similiterheharn.1214.
774 2378 810 2422 44
832 2360 939 2423 autem
964 2359 1104 2422 carmina
1118 2356 1268 2422 antistro-

157 2463 266 2545 phiea‚
303 2482 381 2545 quac
413 2464 467 2527 aut
489 2464 563 2526 sunt
585 2455 742 2543 ἀμοιβαῖα
777 2465 833 2527 aut
860 2462 1036 2527 subsistunt
1058 2459 1269 2544 compluribus

158 2566 293 2651 periodis
315 2567 397 2630 inter
418 2585 451 2652 sc
474 2566 604 2632 diversis
628 2562 871 2648 (ἐκ-μονάδων)
895 2568 1047 2633 vocantur
1068 2560 1147 2648 μέλα,
1163 2561 1268 2646 (α’μοι-

159 2671 251 2754 cete)
281 2672 336 2735 aut
364 2666 425 2733 ἐκ·
434 2666 580 2751 μονάδων
602 2667 844 2754 μονοστροφικδ
874 2669 912 2734 cf.
943 2669 1039 2734 schol.
1066 2688 1112 2751 eq.
1130 2675 1211 2731 1111
1237 2668 1270 2731 et

160 2775 297 2841 Acharn.
315 2781 386 2839 204.
420 2775 529 2839 contra
544 2770 637 2852 teht,
665 2792 744 2856 quae
766 2773 868 2837 tribus
893 2793 929 2839 ex
958 2772 1100 2857 partibus
1123 2772 1269 2836 constan-

160 2881 205 2945 tia
242 2880 423 2962 plerumque
451 2880 497 2943 ita
529 2879 631 2943 solent
660 2897 725 2943 esse
757 2879 946 2961 composita,
983 2879 1020 2941 ut
1058 2878 1113 2941 aut
1151 2874 1270 2940 duabus
1343 2906 1346 2927 ι

160 2985 315 3066 prioribus
336 2984 478 3068 partibus
502 2984 660 3065 (strophae
684 2984 715 3047 et
739 2982 965 3064 antistrophae)
988 2980 1171 3045 subiiciatur
1195 2997 1269 3062 epo-

160 3088 216 3153 dos
241 3090 296 3152 aut
315 3090 383 3152 vice
403 3107 495 3153 versa
510 3087 659 3170 proedos‚
681 3090 736 3152 aut
750 3087 833 3152 inter
849 3103 925 3168 quae
942 3085 1099 3150 inliciatur
1114 3082 1269 3159 mesodcs‚

161 3192 361 3256 nominantur
403 3189 530 3277 τριάδες
572 3186 771 3275 α’ροῳδικαί,
816 3186 977 3273 trepidandi
1015 3190 1047 3253 et
1083 3182 1270 3271 μεσῳδικαί.

163 3296 340 3378 exemplum
361 3295 452 3360 huius
476 3296 599 3378 generis
625 3296 726 3360 exstat
748 3295 780 3357 in
804 3293 901 3358 schol.
918 3294 1055 3358 Acharn.
1072 3297 1147 3369 489,
1170 3289 1271 3376 διπλῆ

161 3397 216 3462 καὶ
243 3397 403 3484 praepediar}
433 3393 538 3482 τριοὶς,
577 3389 613 3483 ἧς
644 3392 676 3460 αἱ
706 3395 765 3479 μὲν
795 3391 998 3481 ἑκατέρωθεν
1028 3388 1194 3479 περίοδοι,
1231 3394 1270 3458 cf.

163 3504 260 3568 schol.
289 3505 469 3570 11111).1444
501 3505 533 3568 41
565 3507 665 3579 1345,
706 3521 784 3584 quae
822 3501 940 3566 scholia
968 3519 1117 3582 magnam
1148 3499 1271 3580 partem

163 3610 264 3675 veteri
284 3608 449 3691 interpreti
469 3608 542 3672 sunt
563 3605 738 3671 tribuenda.
781 3608 887 3689 partes
910 3607 1033 3682 autem,
1057 3604 1089 3666 in
1106 3603 1271 3687 quaesunt

164 3712 261 3778 divisa
284 3715 361 3778 haec
386 3711 540 3789 carmina,
563 3713 714 3775 vocantur
736 3704 937 3793 ,,αερίοδοι“
954 3708 992 3773 cf.
1009 3708 1184 3789 scholpae.
1198 3712 1271 3784 775,

162 3813 375 3891 resecatione
406 3810 521 3893 ἔχουσα
552 3811 611 3889 τὰς
642 3811 813 3899 περιόδους
846 3813 878 3878 41
912 3814 1033 3888 cetera,
1068 3831 1147 3893 quae
1177 3809 1272 3875 attuli

164 3920 313 4004 exempla.
357 3918 523 4001 legebatur
552 3913 644 3980 ἐννέα
676 3917 778 3998 κῶλα,
815 3915 896 3999 quod
927 3917 1012 3980 recte
1036 3913 1170 3979 correxit
1192 3913 1272 3977 Din-

164 4023 279 4090 dorfius
310 4026 434 4089 secutus
457 4042 564 4100 usum,
602 4022 656 4104 qui
678 4020 862 4088 observatur
888 4020 1044 4104 plerisque
1074 4019 1107 4083 in
1135 4017 1271 4096 scholiis,

164 4127 406 4212 compositorum
422 4119 1002 4208 41144111411111(δίκωλοςτρίκωλος).
1026 4123 1135 4188 ecdem
1146 4122 1272 4185 nomine

164 4233 296 4302 utuntur
332 4234 438 4315 partes
475 4229 549 4294 illae
588 4224 735 4313 συζυγίας
776 4227 1029 4315 ἐπιρρημαυικῆς
1068 4223 1198 4307 pretence*
1241 4227 1273 4290 et
