2864 4846
568 285 673 343 Scholia
691 288 721 342 in
739 303 843 358 vespas.
915 254 920 261 Ι
1227 289 1260 345 51

154 470 212 514 σιν.
251 440 324 531 δῆλ’
348 444 385 512 δέ
406 443 460 512 τὸν
481 439 517 530 β’
541 441 607 526 ἐχει
635 439 726 510 πόδα
755 435 1026 530 πεντασόλλαβον.
1064 442 1096 512 οἱ
1125 443 1197 537 ἑξῆς
1225 447 1262 515 δέ

153 551 274 629 πάντες
291 547 456 639 τροχαϊκοί
479 544 686 635 τετράμετροι
710 545 955 637 καταληκτικοί,
984 542 1028 615 ὧν
1045 552 1226 631 τελευταῖος

327 675 405 744 εἴπερ
422 671 519 742 ἔτυχον
536 673 592 722 τῶν
609 671 714 738 μελέων
735 669 904 730 Φιλοκλέους
923 669 1097 742 βεβρωκότες.

153 773 212 840 ἐπὶ
241 778 314 852 ταῖς
342 765 531 839 άποδέσεσι
562 765 787 858 παράγραφος.
826 767 885 837 ἐπὶ
907 770 944 838 δέ
970 777 1018 860 τῷ
1048 772 1133 839 τέλει
1164 774 1264 863 διπλῆ

152 874 215 958 ἐξω
237 878 424 962 νενευκυῖαῆ]

241 990 303 1048 463
314 1021 355 1029 -
365 988 427 1046 862
430 1030 1261 1049 .................
1345 1032 1348 1036 ,

241 1093 440 1152 863-884.
488 1082 569 1169 [[καί
598 1082 659 1170 μὴν
688 1079 780 1171 ῆμείς
808 1080 865 1148 ἐπὶ
896 1087 969 1162 ταῖς
996 1086 1184 1164 σπονδαῖςε
1215 1082 1268 1151 tH

154 1182 313 1275 άμοιβαία
335 1186 414 1277 αὕτη
439 1184 592 1276 περίοδος
614 1183 718 1252 ἐοικεν
747 1184 880 1252 ἐκθέσει
904 1187 1039 1276 διπλῆς·
1071 1189 1122 1255 διδ
1147 1188 1203 1255 καὶ
1224 1188 1262 1258 τδ

153 1292 391 1382 παρατέλευτον
411 1288 475 1374 έχει
498 1292 611 1357 κῶλον.
635 1286 704 1355 ἐστι
727 1295 800 1376 γοῦν
815 1287 978 1378 περιόδων
993 1297 1105 1380 τριῶν,
1129 1292 1184 1359 καὶ
1199 1291 1264 1361 εἰσὶ

153 1403 211 1486 τῆς
234 1392 364 1485 πρώτης
384 1388 539 1483 περιόδου
560 1396 647 1459 κῶλα
670 1390 828 1479 τέσσαρα,
853 1386 895 1459 ὦν
909 1394 947 1460 τὸ
970 1401 1101 1480 πρῶτον
1123 1389 1263 1464 άναπαι-

154 1501 265 1568 στικὸν
289 1498 459 1587 τρίμετρον
481 1490 711 1586 άκατάληκτον.
740 1493 781 1563 τά
807 1493 879 1586 ἑξῆς
901 1497 957 1564 δόο
979 1497 1114 1589 δίμετρα
1136 1493 1263 1568 άκατά-

152 1607 260 1694 ληκτα.
301 1604 339 1670 τδ
362 1602 516 1689 τέταρτον
542 1599 694 1687 δίμετρον
717 1597 960 1689 καταληκτικόν,
985 1598 1057 1692 ῆτοι
1079 1600 1264 1694 ἐφθημιμε-

153 1707 222 1796 ρές,
262 1701 449 1775 δκαλεῖται
471 1699 698 1791 παροιμιακόν.
735 1697 811 1788 μεθ’
835 1695 854 1771 δ
877 1704 909 1770 ἐν
940 1703 1086 1774 εἰσθέσει
1113 1705 1265 1794 ἰαμβικὸς

153 1809 321 1900 τρίμετρος
341 1803 570 1899 άκατάληκτος.
595 1815 652 1897 τῆς
674 1807 824 1896 δευτέρας
846 1808 999 1897 περιόδου
1022 1813 1110 1877 κῶλα
1131 1811 1181 1896 ἐξ,
1220 1806 1263 1880 ὧν

153 1916 191 1983 τὸ
215 1920 347 2002 πρῶτον
369 1913 495 1998 ὅμοιον,
522 1913 561 1979 τὸ
584 1907 730 1998 δεύτερον
762 1907 1001 2002 ἐφθημιμερές,
1031 1915 1072 1981 τά
1095 1911 1168 2006 ἐξῆς
1189 1915 1265 2004 τρία

153 2017 287 2106 δίμετρα
310 2010 531 2106 άκατάληκτα,
561 2015 598 2083 τδ
621 2015 713 2082 ἕκτον
735 2016 976 2104 πενδημιμερές
995 2024 1053 2108 τῆς
1075 2017 1185 2109 τρίτης
1207 2047 1264 2088 πε-

153 2117 264 2209 ριόδου
297 2113 521 2187 άναπαιστικδ
563 2121 653 2186 κῶλα
685 2117 780 2198 δέκα,
826 2111 868 2185 ὧν
901 2120 942 2186 τά
974 2125 1090 2210 πρῶτα
1121 2124 1264 2212 τέσσαρα

152 2225 349 2314 τετράμετρα
372 2218 606 2313 καταληκτικά,
629 2223 668 2289 τὸ
689 2221 718 2289 ε’
741 2224 796 2289 καὶ
819 2219 853 2304 ς’
874 2221 1028 2311 τρίμετρα
1046 2220 1262 2317 άκατάληκτα,

112 2340 115 2347 ’
153 2330 191 2397 τὸ
215 2329 244 2411 ζ’
274 2329 330 2396 καὶ
359 2328 397 2394 τὸ
421 2326 454 2416 η’
483 2325 619 2415 δίμετρα
647 2319 868 2415 άκατάληκτα,
905 2328 943 2394 τδ
972 2323 1016 2394 θ’
1045 2322 1265 2422 άναπαιστικῆ
1346 2365 1349 2371 ·

153 2429 265 2519 βάσις,
305 2427 400 2499 δκαί
431 2429 668 2517 παρατέλειτον
696 2424 901 2514 ὀνομάζεται,
939 2431 977 2498 τό
1007 2431 1044 2499 δέ
1067 2434 1093 2499 ι’
1122 2435 1159 2501 τδ
1184 2437 1265 2522 ,,τῆν

154 2530 318 2626 ἀκαλήφην
344 2529 566 2625 άφελέσδαι,“
602 2532 753 2623 δίμετρον
780 2530 1020 2625 καταληκτικόν.
1063 2537 1113 2626 ἐφ’
1144 2535 1264 2630 ἑκάστη

154 2641 298 2728 περιόδῳ
323 2635 546 2731 παράγραφος.
576 2638 634 2705 ἐπὶ
655 2646 703 2727 τῷ
728 2636 869 2706 τέλειαί
895 2636 1047 2730 συνῆθεις
1068 2637 1124 2708 δόο
1147 2644 1266 2709 διπλαῖ

159 2743 239 2827 1ἐξω
258 2747 459 2831 νενευκυίαιῆ]
670 2822 675 2831 ,

243 2856 357 2916 885-
372 2857 455 2914 1008
458 2900 1262 2918 ................

244 2961 483 3019 1009—1013.
529 2942 625 3036 [[άλλ
653 2946 702 3015 ίτε
728 2948 920 3038 χαίροντεςε
953 2958 1057 3019 Τοῦτο
1086 2954 1264 3038 κομμάτιον

156 3060 317 3140 καλεῖται,
355 3053 437 3143 ὅπερ
460 3053 531 3120 ἐστὶ
552 3053 762 3143 προκῆρνγμα
792 3061 849 3144 τῆς
872 3050 1098 3143 παραβάσεως.
1135 3055 1206 3125 ἐστι
1228 3060 1264 3127 δέ

156 3157 265 3229 κοίλων
292 3163 511 3246 χοριαμβικῶν
534 3156 793 3243 ἐπιμεμιγμένων
822 3157 1002 3245 ἐπιτρίτοις
1024 3161 1079 3227 καί
1100 3161 1264 3247 βακχείοις
1351 3225 1356 3234 .

155 3265 211 3332 καὶ
232 3263 474 3349 παλιμβάκχοις
496 3258 535 3344 ζ’,
560 3254 603 3327 ὦν
627 3260 664 3329 τδ
689 3265 817 3349 πρῶτον
837 3250 1006 3351 τρίμετρον
1025 3263 1264 3356 καταληκτικόν,

139 3370 193 3438 τὸ
217 3365 362 3453 δεότερον
391 3366 541 3453 δίμετρον
564 3362 799 3455 άκατάληκτον,
838 3366 896 3432 τὸν
919 3373 1049 3454 πρῶτον
1078 3367 1150 3451 ἐῆον
1176 3370 1265 3438 πόδα

155 3468 434 3556 πεντασόλλαβον·
470 3470 508 3537 τὸ
530 3468 683 3558 τέταρτον
706 3467 853 3554 δίμετρον
881 3462 1116 3560 άκατάληκτον,
1155 3471 1267 3559 ὅμοιον

155 3583 201 3665 τῷ
223 3572 270 3662 β’,
294 3574 331 3643 τδ
352 3572 383 3641 ε’
407 3573 521 3659 ὅμοιον
542 3579 589 3662 τῷ
623 3569 752 3662 πρώτην.
790 3573 831 3638 τὰ
862 3575 897 3639 δέ
927 3575 1029 3641 λοιπὰ
1059 3573 1103 3655 ὡς
1131 3578 1170 3645 τὸ
1192 3575 1264 3646 δεό-

155 3704 253 3768 τερον.
298 3677 358 3746 ἐπί
379 3684 427 3766 τῷ
447 3677 533 3744 τέλει
557 3677 799 3766 παράγραφοςῆ]

244 3791 473 3851 1014-1070
476 3832 1264 3857 ................

246 3896 484 3954 1071—1'090.
530 3882 584 3970 (εἴ
609 3910 660 3962 τις
688 3882 777 3969 δμιῦν
807 3879 833 3950 ὦ
858 3884 1011 3954 θεαταίε
1044 3887 1146 3956 Τοῦτό
1175 3887 1264 3957 ἐστιν

158 3986 328 4078 ἐπίρρημα.
358 3990 397 4056 τὸ
419 3989 455 4057 δέ
478 3987 641 4077 ἐπίρρημα
668 3986 713 4067 ὡς
735 3986 862 4056 ἐπίπαν
888 3993 901 4031 ²
908 3986 1127 4058 ὀκτωκαίδεκα
1148 3991 1265 4077 στίχων

157 4087 179 4179 ἢ
201 4089 248 4177 ιβ’
270 4090 291 4183 ἢ
312 4089 370 4174 ις’.
401 4092 520 4160 ἐνθάδε
545 4092 600 4159 3δέ
622 4089 750 4177 είκοσι.)

158 4230 363 4240 ----..-..-...

230 4306 243 4358 1
263 4306 315 4358 ἔσω
379 4310 396 4362 2
416 4305 438 4358 ι’
459 4305 519 4360 Ald.
539 4322 587 4374 pro
601 4308 657 4360 ὀκτ.
677 4249 692 4278 .
716 4309 733 4361 3
750 4307 779 4359 δὲ
800 4321 851 4359 om.
865 4307 898 4360 V.
917 4309 964 4375 qui
976 4323 1025 4376 pro
1038 4312 1124 4360 εἴκοσι
1138 4306 1221 4362 habet
1233 4306 1266 4363 ι’.

1013 4397 1057 4458 4*
